1537 2512
307 78 362 104 m:
393 77 530 104 annno
560 77 827 105 xvovn‘rmxo
861 78 896 104 c.
927 73 985 107 95.
1013 73 1069 108 96.
1102 72 1158 107 97.
1330 68 1380 106 97

85 187 226 227 magno
247 177 416 227 equitatu
438 177 475 214 iu
498 180 622 215 castra
644 177 755 220 venit,
778 187 874 227 quos
899 177 950 215 uti
972 189 1016 215 ex
1041 177 1148 216 Latio
1171 183 1206 216 et
1227 189 1247 216 a
1269 179 1383 217 sociis

86 236 239 282 cogeret
274 230 420 270 Romae
450 231 606 271 relictus
634 236 728 270 erat.
789 232 854 271 Set
887 233 1067 282 quoniam
1090 244 1161 271 nos
1192 234 1285 272 tanti
1313 233 1417 275 viri2

85 298 149 326 res
177 286 393 331 admonuit,
427 287 607 326 idoneum
635 287 757 326 visum
781 292 838 326 est
859 287 906 326 de
926 292 1064 326 natura
1091 287 1272 339 cultuque
1302 290 1382 328 eius

85 343 218 393 paucis
239 342 387 382 dicere:
414 354 540 394 neque
563 343 663 382 enim
685 342 758 381 alio
779 341 864 382 loco
888 342 935 382 de
958 341 1085 382 Sullae
1106 343 1225 383 rebus
1245 343 1384 383 dicturi

55 408 218 437 ssumus
273 403 310 437 et
336 397 378 437 L.
414 398 594 443 Sisenna,
627 403 782 448 optume
813 403 849 437 et
880 397 1180 448 diligentissume
1211 401 1381 439 omnium

83 454 148 503 qui
163 464 227 492 eas
242 465 307 493 res
321 453 451 493 dixere
477 458 704 504 persecutus
720 485 729 498 ‚
758 465 896 504 parum
925 453 1017 492 mihi
1037 453 1159 493 libero
1186 466 1253 494 ore
1277 455 1382 494 locu·

83 513 145 547 tus
168 508 331 549 videtur.

188 565 311 616 Igitur
343 565 447 604 Sulla
478 567 606 616 gentis
637 566 824 616 patriciae
856 563 999 603 nobilis
1039 564 1111 602 suit
1140 563 1285 603 familia
1317 566 1433 605 iam3

75 632 200 672 prope
232 621 401 660 extincta
439 622 630 660 maiorum
670 621 840 671 ignavia,
879 618 1019 659 litteris
1055 619 1215 659 Graecis
1253 624 1289 658 et
1319 619 1390 658 La-

34 676 169 716 1otinis
199 676 304 716 iuxta
326 682 440 727 atque
461 676 687 716 doctissumi
710 675 904 720 eruditus,
936 675 1065 715 animo
1086 675 1252 726 ingenti:
1284 675 1390 726 cupi·

86 730 158 770 dus
183 730 443 781 voluptatum,
485 735 542 769 set
571 729 714 776 gloriae
746 728 930 779 cupidior,
959 730 1034 767 otio
1060 729 1257 768 luxurioso
1288 741 1382 774 esse,

86 791 214 825 tamen
239 785 286 824 ab
315 785 477 836 negotiis
507 796 719 835 numquam
739 784 912 834 voluptas
934 789 1147 829 remorata,
1179 785 1251 823 nisi
1282 785 1382 835 quod

86 841 133 881 de
170 853 291 880 uxore
326 842 449 892 potuit
486 840 686 879 honestius
723 838 894 878 consuli:
929 839 1117 878 facundus
1152 839 1312 879 callidus
1348 845 1385 879 et

86 897 250 936 amicitia
271 896 408 941 facilis,
442 896 489 935 ad
513 895 724 935 simulanda
748 907 797 934 ac
819 896 1105 934 dissimulanda
1125 896 1278 944 negotia
1301 895 1383 934 alti-

40 966 72 991 1⁵
85 951 179 990 tudo
195 953 324 1003 ingeni
344 950 595 992 incredibilis:
621 951 828 990 multarum
849 962 982 989 rerum
1003 962 1047 989 ac
1067 963 1246 989 maxume
1267 962 1383 1000 pecu-

86 1007 172 1046 niae
195 1007 366 1058 largitor.
415 1007 539 1058 Atque
560 1006 631 1051 illi,
659 1006 890 1045 felicissumo
913 1007 1084 1045 omnium
1116 1011 1201 1044 ante
1235 1005 1417 1048 civilem4

86 1063 301 1107 victoriam,
329 1075 540 1114 numquam
568 1073 686 1112 super
712 1061 937 1100 industriam
961 1061 1114 1100 fortuna
1142 1061 1225 1105 suit,
1256 1061 1382 1100 multi-

86 1129 161 1168 que
189 1117 411 1158 dubitavere
442 1119 577 1157 sortior
602 1129 650 1156 an
681 1116 827 1156 felicior
851 1122 970 1156 essct:
1001 1129 1089 1156 nam
1122 1122 1252 1167 postea
1286 1129 1382 1167 quae

86 1173 232 1220 fecerit,
262 1175 450 1214 incertum
480 1173 617 1218 habeo,
649 1172 792 1223 pudeat
821 1184 869 1211 an
891 1173 1020 1222 pigeat
1039 1173 1160 1224 magis
1178 1172 1379 1213 disserere.

38 1240 72 1267 ιο
195 1229 315 1279 Igitur
343 1229 468 1274 Sulla,
499 1230 553 1268 uti
583 1240 698 1278 supra
727 1228 868 1267 dictum
894 1233 969 1272 est,
996 1234 1199 1280 postquam
1224 1229 1260 1267 in
1282 1229 1379 1267 Asri-
1396 1235 1451 1276 96

85 1297 167 1324 cam
187 1289 301 1336 atque
323 1287 361 1324 in
393 1290 515 1324 castra
545 1285 641 1324 Mari
673 1296 759 1322 cum
792 1284 960 1334 equitatu
984 1285 1102 1329 venit,
1134 1284 1241 1323 rudis
1270 1289 1382 1323 antea

84 1345 121 1380 et
145 1342 302 1390 ignarus
321 1341 422 1386 belli,
446 1340 747 1380 sollertissumus
774 1339 945 1377 omnium
966 1340 1004 1377 in
1025 1341 1158 1389 paucis
1177 1345 1382 1389 tempesta-

82 1395 186 1435 tibus
210 1396 333 1435 sactus
353 1401 421 1436 est.
473 1397 529 1435 Ad
558 1395 632 1434 hoc
653 1393 790 1433 milites
821 1393 985 1444 benigue
1010 1394 1223 1444 adpellare:
1255 1395 1411 1436 multis2

83 1450 330 1502 rogantibus,
348 1452 429 1491 aliis
447 1463 517 1503 per
538 1463 578 1489 se
606 1451 687 1500 ipse
710 1450 800 1489 dare
822 1448 1016 1493 benificia,
1039 1450 1176 1488 invitus
1193 1451 1380 1500 accipere,

37 1513 141 1547 asset
179 1519 220 1546 ea
253 1509 524 1558 properantius
558 1518 671 1557 quam
703 1517 767 1544 aes
797 1510 973 1544 mutuum
1003 1504 1190 1548 reddere,
1223 1507 1304 1555 ipse
1334 1504 1380 1544 ab

82 1561 188 1602 nullo
222 1567 424 1613 repetere,
468 1564 588 1613 magis
619 1561 655 1600 id
682 1560 879 1604 laborare,
919 1564 961 1598 ut
990 1559 1041 1598 illi
1072 1571 1186 1611 quam
1213 1559 1382 1611 plurumi

77 1617 286 1657 deberent:
316 1619 399 1656 ioca
432 1623 547 1669 atque
569 1619 672 1657 seria
696 1629 784 1656 cum
806 1615 1047 1656 humillumis
1069 1628 1203 1667 agere:
1237 1617 1276 1654 in
1300 1627 1390 1666 ope·
1409 1622 1430 1655 3

76 1672 207 1721 ribus,
240 1673 280 1712 in
311 1673 465 1724 agmine
496 1679 612 1723 atque
643 1673 690 1712 ad
721 1672 868 1724 vigilias
898 1671 1042 1712 multus
1074 1673 1228 1716 adesse,
1262 1682 1389 1721 neque

75 1729 244 1774 interim,
277 1729 381 1779 quod
406 1741 523 1780 prava
555 1729 712 1768 ambitio
735 1728 843 1773 solet,
877 1727 1046 1767 consulis
1077 1733 1142 1766 aut
1162 1727 1389 1776 cuiusquam

30 1783 170 1824 801)οηί
199 1785 342 1824 samam
371 1784 546 1824 laedere:
588 1790 738 1824 tautum
769 1783 884 1823 modo
915 1795 1040 1833 neque
1071 1782 1231 1821 consilio
1262 1792 1389 1831 neque

75 1851 193 1880 manu
223 1841 396 1891 priorem
427 1839 544 1878 alium
576 1841 674 1890 pati,
706 1839 915 1890 plerosque
947 1840 1184 1877 antevenire.
1245 1836 1428 1882 Quibus4

74 1895 193 1935 rebus
215 1901 252 1935 et
267 1895 416 1934 artibus
438 1894 546 1934 brevi
563 1895 684 1934 Mario
707 1894 972 1944 militibusque
990 1894 1228 1933 carissumus
1248 1892 1385 1931 sactus.

190 1950 237 1988 At
258 1949 456 2000 Iugurtha,
478 1955 681 2001 postquam
699 1948 880 1999 oppidum
900 1949 1058 1997 Capsam
1081 1947 1250 1999 aliosque
1273 1948 1377 1988 locos
1392 1950 1443 1987 97

79 2005 246 2043 munitos
268 2010 305 2044 et
334 2005 406 2045 sibi
433 2005 535 2045 utilis
556 2004 668 2045 simul
693 2010 728 2044 et
757 2014 935 2053 magnam
960 2004 1162 2052 pecuniam
1184 2005 1375 2049 amiserat,

32 2059 126 2098 ssad
147 2059 344 2100 Bocchum
365 2063 520 2101 nuntios
543 2062 665 2107 misit,
689 2071 804 2110 quam
829 2059 995 2109 primum
1019 2059 1054 2096 in
1072 2058 1287 2098 Numidiam
1311 2071 1375 2098 co-

79 2114 161 2164 pias
181 2116 408 2156 adduceret:
439 2117 560 2167 proeli
582 2115 749 2156 faciundi
777 2120 930 2163 tempus
951 2113 1096 2153 adesse.
1157 2115 1278 2160 Quem
1309 2114 1410 2154 ubi2

80 2172 251 2211 cunctari
282 2173 429 2223 accepit
457 2178 493 2212 et
524 2172 682 2212 dubium
705 2169 793 2210 belli
826 2175 940 2220 atque
970 2170 1075 2219 pacis
1106 2171 1271 2209 rationes
1296 2176 1373 2208 tra·

78 2222 193 2271 here,
226 2238 382 2272 rursus,
413 2229 466 2267 uti
495 2233 624 2272 antea.
656 2236 866 2278 proxumos
912 2225 992 2263 eius
1042 2224 1150 2263 donis
1181 2225 1373 2274 conrupit,

168 2291 347 2325 samem.
1155 2308 1163 2325 ι
