<?xml version="1.0" encoding="UTF-8"?>
<!DOCTYPE html PUBLIC "-//W3C//DTD XHTML 1.0 Transitional//EN"
    "http://www.w3.org/TR/xhtml1/DTD/xhtml1-transitional.dtd">
<html xmlns="http://www.w3.org/1999/xhtml" xml:lang="en" lang="en">
 <head>
  <title>
</title>
<meta http-equiv="Content-Type" content="text/html;charset=utf-8" />
  <meta name='ocr-system' content='tesseract 3.04.00' />
  <meta name='ocr-capabilities' content='ocr_page ocr_carea ocr_par ocr_line ocrx_word'/>
</head>
<body>
  <div class='ocr_page' id='page_1' title='image "./libridecatilinae00salluoft_0036.png"; bbox 0 0 1537 2512; ppageno 0'>
   <div class='ocr_carea' id='block_1_1' title="bbox 133 88 1309 126">
    <p class='ocr_par' dir='ltr' id='par_1_1' title="bbox 133 88 1309 126">
     <span class='ocr_line' id='line_1_1' title="bbox 133 88 1309 126; baseline -0.001 -2"><span class='ocrx_word' id='word_1_1' title='bbox 133 88 179 126; x_wconf 74' lang='lat'><strong>14</strong></span> <span class='ocrx_word' id='word_1_2' title='bbox 240 99 295 124; x_wconf 81' lang='lat' dir='ltr'><strong>DE</strong></span> <span class='ocrx_word' id='word_1_3' title='bbox 325 97 554 124; x_wconf 59' lang='lat' dir='ltr'><strong>caraman</strong></span> <span class='ocrx_word' id='word_1_4' title='bbox 586 97 903 124; x_wconf 70' lang='lat' dir='ltr'><strong>CONIVRATIQNB</strong></span> <span class='ocrx_word' id='word_1_5' title='bbox 936 97 972 124; x_wconf 88' lang='lat' dir='ltr'><strong>c.</strong></span> <span class='ocrx_word' id='word_1_6' title='bbox 1000 91 1057 126; x_wconf 83' lang='lat'><strong>26.</strong></span> <span class='ocrx_word' id='word_1_7' title='bbox 1086 91 1142 126; x_wconf 78' lang='lat'><strong>27.</strong></span> <span class='ocrx_word' id='word_1_8' title='bbox 1175 90 1230 125; x_wconf 76' lang='lat'><strong>28.</strong></span> <span class='ocrx_word' id='word_1_9' title='bbox 1252 91 1309 126; x_wconf 83' lang='lat'><strong>29.</strong></span> 
     </span>
    </p>
   </div>
   <div class='ocr_carea' id='block_1_2' title="bbox 53 194 1510 2294">
    <p class='ocr_par' dir='ltr' id='par_1_2' title="bbox 126 194 1490 302">
     <span class='ocr_line' id='line_1_2' title="bbox 126 194 1490 246; baseline -0.001 -11"><span class='ocrx_word' id='word_1_10' title='bbox 126 198 333 236; x_wconf 84' lang='lat' dir='ltr'><strong>Antonium</strong></span> <span class='ocrx_word' id='word_1_11' title='bbox 366 196 544 246; x_wconf 78' lang='lat' dir='ltr'>pactione</span> <span class='ocrx_word' id='word_1_12' title='bbox 573 195 791 245; x_wconf 88' lang='lat' dir='ltr'><strong>provinciae</strong></span> <span class='ocrx_word' id='word_1_13' title='bbox 820 194 1062 246; x_wconf 81' lang='lat' dir='ltr'><strong>perpulerat,</strong></span> <span class='ocrx_word' id='word_1_14' title='bbox 1100 207 1150 233; x_wconf 90' lang='lat' dir='ltr'><strong>ne</strong></span> <span class='ocrx_word' id='word_1_15' title='bbox 1179 201 1312 234; x_wconf 86' lang='lat' dir='ltr'><strong>contra</strong></span> <span class='ocrx_word' id='word_1_16' title='bbox 1338 206 1426 234; x_wconf 84' lang='lat' dir='ltr'><strong>rem</strong></span> <span class='ocrx_word' id='word_1_17' title='bbox 1486 214 1490 218; x_wconf 95' lang='lat'>·</span> 
     </span>
     <span class='ocr_line' id='line_1_3' title="bbox 127 250 1422 302; baseline -0.001 -12"><span class='ocrx_word' id='word_1_18' title='bbox 127 251 319 302; x_wconf 85' lang='lat' dir='ltr'>publicam</span> <span class='ocrx_word' id='word_1_19' title='bbox 353 251 532 289; x_wconf 82' lang='lat' dir='ltr'><strong>sentiret:</strong></span> <span class='ocrx_word' id='word_1_20' title='bbox 573 251 720 289; x_wconf 89' lang='lat' dir='ltr'><strong>circum</strong></span> <span class='ocrx_word' id='word_1_21' title='bbox 759 262 801 288; x_wconf 91' lang='lat' dir='ltr'><strong>se</strong></span> <span class='ocrx_word' id='word_1_22' title='bbox 838 250 1029 301; x_wconf 89' lang='lat' dir='ltr'><strong>praesidia</strong></span> <span class='ocrx_word' id='word_1_23' title='bbox 1064 250 1278 289; x_wconf 89' lang='lat' dir='ltr'><strong>amicorum</strong></span> <span class='ocrx_word' id='word_1_24' title='bbox 1307 254 1422 300; x_wconf 85' lang='lat' dir='ltr'><strong>atque</strong></span> 
     </span>
    </p>

    <p class='ocr_par' dir='ltr' id='par_1_3' title="bbox 95 304 1502 576">
     <span class='ocr_line' id='line_1_4' title="bbox 95 304 1420 356; baseline -0.002 -11"><span class='ocrx_word' id='word_1_25' title='bbox 95 317 114 348; x_wconf 81' lang='lat'>5</span> <span class='ocrx_word' id='word_1_26' title='bbox 128 307 323 345; x_wconf 82' lang='lat' dir='ltr'><strong>clientium</strong></span> <span class='ocrx_word' id='word_1_27' title='bbox 339 305 488 345; x_wconf 77' lang='lat' dir='ltr'>occulte</span> <span class='ocrx_word' id='word_1_28' title='bbox 509 304 688 344; x_wconf 89' lang='lat' dir='ltr'><strong>habebat.</strong></span> <span class='ocrx_word' id='word_1_29' title='bbox 719 306 928 356; x_wconf 89' lang='lat' dir='ltr'><strong>Postquam</strong></span> <span class='ocrx_word' id='word_1_30' title='bbox 945 306 1026 345; x_wconf 88' lang='lat' dir='ltr'><strong>dies</strong></span> <span class='ocrx_word' id='word_1_31' title='bbox 1046 306 1289 343; x_wconf 88' lang='lat' dir='ltr'><strong>comitiorum</strong></span> <span class='ocrx_word' id='word_1_32' title='bbox 1304 305 1420 349; x_wconf 82' lang='lat' dir='ltr'><strong>venit,</strong></span> 
     </span>
     <span class='ocr_line' id='line_1_5' title="bbox 127 357 1421 412; baseline -0.002 -12"><span class='ocrx_word' id='word_1_33' title='bbox 127 366 164 400; x_wconf 79' lang='lat' dir='ltr'><strong>et.</strong></span> <span class='ocrx_word' id='word_1_34' title='bbox 193 360 374 400; x_wconf 79' lang='lat' dir='ltr'>Catilinae</span> <span class='ocrx_word' id='word_1_35' title='bbox 400 372 526 410; x_wconf 79' lang='lat' dir='ltr'><strong>neque</strong></span> <span class='ocrx_word' id='word_1_36' title='bbox 547 361 678 410; x_wconf 88' lang='lat' dir='ltr'><strong>petitio</strong></span> <span class='ocrx_word' id='word_1_37' title='bbox 700 373 826 411; x_wconf 84' lang='lat' dir='ltr'><strong>neque</strong></span> <span class='ocrx_word' id='word_1_38' title='bbox 850 361 1023 408; x_wconf 66' lang='lat' dir='ltr'><strong>insidiae,</strong></span> <span class='ocrx_word' id='word_1_39' title='bbox 1038 371 1135 410; x_wconf 83' lang='lat' dir='ltr'><strong>quas</strong></span> <span class='ocrx_word' id='word_1_40' title='bbox 1161 357 1421 412; x_wconf 81' lang='lat' dir='ltr'><strong>[consulibus]</strong></span> 
     </span>
     <span class='ocr_line' id='line_1_6' title="bbox 126 414 1502 466; baseline -0.003 -10"><span class='ocrx_word' id='word_1_41' title='bbox 126 419 164 456; x_wconf 92' lang='lat' dir='ltr'><strong>in</strong></span> <span class='ocrx_word' id='word_1_42' title='bbox 186 427 322 466; x_wconf 87' lang='lat' dir='ltr'><strong>campo</strong></span> <span class='ocrx_word' id='word_1_43' title='bbox 343 416 502 463; x_wconf 81' lang='lat' dir='ltr'><strong>fecerat,</strong></span> <span class='ocrx_word' id='word_1_44' title='bbox 509 427 696 466; x_wconf 90' lang='lat' dir='ltr'><strong>prospere</strong></span> <span class='ocrx_word' id='word_1_45' title='bbox 717 428 888 460; x_wconf 82' lang='lat' dir='ltr'><strong>cessere,</strong></span> <span class='ocrx_word' id='word_1_46' title='bbox 911 416 1106 454; x_wconf 88' lang='lat' dir='ltr'><strong>constituit</strong></span> <span class='ocrx_word' id='word_1_47' title='bbox 1127 414 1271 454; x_wconf 87' lang='lat' dir='ltr'><strong>bellum</strong></span> <span class='ocrx_word' id='word_1_48' title='bbox 1291 416 1455 454; x_wconf 67' lang='lat' dir='ltr'><strong>faceres</strong></span> <span class='ocrx_word' id='word_1_49' title='bbox 1500 418 1502 421; x_wconf 84' lang='grc'><strong>’</strong></span> 
     </span>
     <span class='ocr_line' id='line_1_7' title="bbox 127 469 1422 522; baseline -0.003 -11"><span class='ocrx_word' id='word_1_50' title='bbox 127 477 164 511; x_wconf 88' lang='lat' dir='ltr'><strong>et</strong></span> <span class='ocrx_word' id='word_1_51' title='bbox 184 476 355 510; x_wconf 80' lang='lat' dir='ltr'><strong>extrema</strong></span> <span class='ocrx_word' id='word_1_52' title='bbox 376 471 504 510; x_wconf 86' lang='lat' dir='ltr'><strong>omnia</strong></span> <span class='ocrx_word' id='word_1_53' title='bbox 534 472 723 521; x_wconf 85' lang='lat' dir='ltr'><strong>experiri,</strong></span> <span class='ocrx_word' id='word_1_54' title='bbox 756 472 936 522; x_wconf 87' lang='lat' dir='ltr'><strong>quoniam</strong></span> <span class='ocrx_word' id='word_1_55' title='bbox 960 482 1058 522; x_wconf 90' lang='lat' dir='ltr'><strong>quae</strong></span> <span class='ocrx_word' id='word_1_56' title='bbox 1082 469 1232 510; x_wconf 83' lang='lat' dir='ltr'><strong>occulte</strong></span> <span class='ocrx_word' id='word_1_57' title='bbox 1259 475 1422 521; x_wconf 84' lang='lat' dir='ltr'><strong>tempta-</strong></span> 
     </span>
     <span class='ocr_line' id='line_1_8' title="bbox 125 526 840 576; baseline 0 -12"><span class='ocrx_word' id='word_1_58' title='bbox 125 532 234 565; x_wconf 87' lang='lat' dir='ltr'><strong>verat</strong></span> <span class='ocrx_word' id='word_1_59' title='bbox 254 538 389 576; x_wconf 87' lang='lat' dir='ltr'><strong>aspera</strong></span> <span class='ocrx_word' id='word_1_60' title='bbox 410 526 600 576; x_wconf 85' lang='lat' dir='ltr'><strong>foedaque</strong></span> <span class='ocrx_word' id='word_1_61' title='bbox 621 532 840 565; x_wconf 81' lang='lat' dir='ltr'><strong>evenerant.</strong></span> 
     </span>
    </p>

    <p class='ocr_par' dir='ltr' id='par_1_4' title="bbox 60 579 1504 742">
     <span class='ocr_line' id='line_1_9' title="bbox 60 579 1424 632; baseline -0.001 -13"><span class='ocrx_word' id='word_1_62' title='bbox 60 582 110 619; x_wconf 81' lang='lat'><strong>27</strong></span> <span class='ocrx_word' id='word_1_63' title='bbox 236 581 357 630; x_wconf 87' lang='lat' dir='ltr'><strong>Igitur</strong></span> <span class='ocrx_word' id='word_1_64' title='bbox 374 581 418 619; x_wconf 89' lang='lat' dir='ltr'><strong>G.</strong></span> <span class='ocrx_word' id='word_1_65' title='bbox 435 581 618 620; x_wconf 90' lang='lat' dir='ltr'><strong>Manlium</strong></span> <span class='ocrx_word' id='word_1_66' title='bbox 638 581 818 620; x_wconf 80' lang='lat' dir='ltr'><strong>Faesulas</strong></span> <span class='ocrx_word' id='word_1_67' title='bbox 841 587 954 632; x_wconf 88' lang='lat' dir='ltr'><strong>atque</strong></span> <span class='ocrx_word' id='word_1_68' title='bbox 978 582 1017 620; x_wconf 92' lang='lat' dir='ltr'><strong>in</strong></span> <span class='ocrx_word' id='word_1_69' title='bbox 1038 593 1122 620; x_wconf 89' lang='lat' dir='ltr'><strong>eam</strong></span> <span class='ocrx_word' id='word_1_70' title='bbox 1142 585 1292 631; x_wconf 90' lang='lat' dir='ltr'><strong>partem</strong></span> <span class='ocrx_word' id='word_1_71' title='bbox 1309 579 1424 618; x_wconf 89' lang='lat' dir='ltr'><strong>Etru·</strong></span> 
     </span>
     <span class='ocr_line' id='line_1_10' title="bbox 124 636 1421 687; baseline -0.002 -11"><span class='ocrx_word' id='word_1_72' title='bbox 124 637 224 682; x_wconf 85' lang='lat' dir='ltr'><strong>riae,</strong></span> <span class='ocrx_word' id='word_1_73' title='bbox 257 636 484 686; x_wconf 83' lang='lat' dir='ltr'><strong>Septimium</strong></span> <span class='ocrx_word' id='word_1_74' title='bbox 509 637 702 687; x_wconf 88' lang='lat' dir='ltr'><strong>quendam</strong></span> <span class='ocrx_word' id='word_1_75' title='bbox 730 636 945 676; x_wconf 82' lang='lat' dir='ltr'><strong>Camertem</strong></span> <span class='ocrx_word' id='word_1_76' title='bbox 982 638 1020 675; x_wconf 90' lang='lat' dir='ltr'><strong>in</strong></span> <span class='ocrx_word' id='word_1_77' title='bbox 1056 647 1194 686; x_wconf 86' lang='lat' dir='ltr'><strong>agrum</strong></span> <span class='ocrx_word' id='word_1_78' title='bbox 1223 636 1421 679; x_wconf 87' lang='lat' dir='ltr'><strong>Picenum,</strong></span> 
     </span>
     <span class='ocr_line' id='line_1_11' title="bbox 126 690 1504 742; baseline -0.004 -11"><span class='ocrx_word' id='word_1_79' title='bbox 126 692 170 731; x_wconf 87' lang='lat' dir='ltr'><strong>G.</strong></span> <span class='ocrx_word' id='word_1_80' title='bbox 191 691 330 731; x_wconf 89' lang='lat' dir='ltr'><strong>Iulium</strong></span> <span class='ocrx_word' id='word_1_81' title='bbox 358 693 397 730; x_wconf 93' lang='lat' dir='ltr'><strong>in</strong></span> <span class='ocrx_word' id='word_1_82' title='bbox 417 690 593 742; x_wconf 85' lang='lat' dir='ltr'><strong>Apuliam</strong></span> <span class='ocrx_word' id='word_1_83' title='bbox 621 692 778 736; x_wconf 83' lang='lat' dir='ltr'><strong>dimisit,</strong></span> <span class='ocrx_word' id='word_1_84' title='bbox 805 698 1009 742; x_wconf 88' lang='lat' dir='ltr'><strong>praeterea</strong></span> <span class='ocrx_word' id='word_1_85' title='bbox 1038 691 1154 730; x_wconf 90' lang='lat' dir='ltr'><strong>alium</strong></span> <span class='ocrx_word' id='word_1_86' title='bbox 1186 690 1280 736; x_wconf 87' lang='lat' dir='ltr'><strong>alio,</strong></span> <span class='ocrx_word' id='word_1_87' title='bbox 1305 700 1466 741; x_wconf 73' lang='lat' dir='ltr'><strong>quemio</strong></span> <span class='ocrx_word' id='word_1_88' title='bbox 1498 725 1504 740; x_wconf 23' lang='grc' dir='ltr'>ζ</span> 
     </span>
    </p>

    <p class='ocr_par' dir='ltr' id='par_1_5' title="bbox 85 744 1467 1021">
     <span class='ocr_line' id='line_1_12' title="bbox 85 744 1424 801; baseline -0.006 -11"><span class='ocrx_word' id='word_1_89' title='bbox 85 762 104 792; x_wconf 78' lang='lat'>2</span> <span class='ocrx_word' id='word_1_90' title='bbox 121 750 266 800; x_wconf 85' lang='lat' dir='ltr'><strong>ubique</strong></span> <span class='ocrx_word' id='word_1_91' title='bbox 282 755 545 801; x_wconf 88' lang='lat' dir='ltr'><strong>opportunum</strong></span> <span class='ocrx_word' id='word_1_92' title='bbox 562 749 634 788; x_wconf 86' lang='lat' dir='ltr'><strong>sibi</strong></span> <span class='ocrx_word' id='word_1_93' title='bbox 649 749 732 788; x_wconf 84' lang='lat' dir='ltr'><strong>fore</strong></span> <span class='ocrx_word' id='word_1_94' title='bbox 749 748 944 789; x_wconf 88' lang='lat' dir='ltr'><strong>credebat.</strong></span> <span class='ocrx_word' id='word_1_95' title='bbox 976 749 1128 788; x_wconf 84' lang='lat' dir='ltr'><strong>Interea</strong></span> <span class='ocrx_word' id='word_1_96' title='bbox 1143 748 1288 787; x_wconf 84' lang='lat' dir='ltr'><strong>Romae</strong></span> <span class='ocrx_word' id='word_1_97' title='bbox 1302 744 1424 785; x_wconf 88' lang='lat' dir='ltr'><strong>multa</strong></span> 
     </span>
     <span class='ocr_line' id='line_1_13' title="bbox 124 800 1424 857; baseline -0.004 -13"><span class='ocrx_word' id='word_1_98' title='bbox 124 804 238 845; x_wconf 90' lang='lat' dir='ltr'><strong>simul</strong></span> <span class='ocrx_word' id='word_1_99' title='bbox 253 805 398 844; x_wconf 89' lang='lat' dir='ltr'><strong>moliri:</strong></span> <span class='ocrx_word' id='word_1_100' title='bbox 424 803 689 857; x_wconf 84' lang='lat' dir='ltr'><strong>[consulibus]</strong></span> <span class='ocrx_word' id='word_1_101' title='bbox 708 803 867 843; x_wconf 86' lang='lat' dir='ltr'><strong>insidias</strong></span> <span class='ocrx_word' id='word_1_102' title='bbox 882 804 1056 849; x_wconf 88' lang='lat' dir='ltr'><strong>tendere,</strong></span> <span class='ocrx_word' id='word_1_103' title='bbox 1078 814 1217 855; x_wconf 88' lang='lat' dir='ltr'><strong>parare</strong></span> <span class='ocrx_word' id='word_1_104' title='bbox 1232 800 1424 845; x_wconf 86' lang='lat' dir='ltr'><strong>incendia,</strong></span> 
     </span>
     <span class='ocr_line' id='line_1_14' title="bbox 125 855 1425 912; baseline -0.005 -12"><span class='ocrx_word' id='word_1_105' title='bbox 125 867 342 912; x_wconf 89' lang='lat' dir='ltr'><strong>opportuna</strong></span> <span class='ocrx_word' id='word_1_106' title='bbox 372 861 456 900; x_wconf 88' lang='lat' dir='ltr'><strong>loca</strong></span> <span class='ocrx_word' id='word_1_107' title='bbox 486 862 644 900; x_wconf 83' lang='lat' dir='ltr'><strong>armatis</strong></span> <span class='ocrx_word' id='word_1_108' title='bbox 664 860 884 898; x_wconf 88' lang='lat' dir='ltr'><strong>hominibus</strong></span> <span class='ocrx_word' id='word_1_109' title='bbox 905 859 1104 898; x_wconf 89' lang='lat' dir='ltr'><strong>obsidere:</strong></span> <span class='ocrx_word' id='word_1_110' title='bbox 1135 861 1218 909; x_wconf 89' lang='lat' dir='ltr'><strong>ipse</strong></span> <span class='ocrx_word' id='word_1_111' title='bbox 1239 869 1328 897; x_wconf 93' lang='lat' dir='ltr'><strong>cum</strong></span> <span class='ocrx_word' id='word_1_112' title='bbox 1346 855 1425 895; x_wconf 88' lang='lat' dir='ltr'><strong>telo</strong></span> 
     </span>
     <span class='ocr_line' id='line_1_15' title="bbox 126 913 1429 965; baseline -0.005 -10"><span class='ocrx_word' id='word_1_113' title='bbox 126 929 222 958; x_wconf 85' lang='lat' dir='ltr'><strong>esse.</strong></span> <span class='ocrx_word' id='word_1_114' title='bbox 244 917 337 955; x_wconf 88' lang='lat' dir='ltr'><strong>item</strong></span> <span class='ocrx_word' id='word_1_115' title='bbox 359 916 453 955; x_wconf 83' lang='lat' dir='ltr'><strong>alios</strong></span> <span class='ocrx_word' id='word_1_116' title='bbox 473 917 622 960; x_wconf 87' lang='lat' dir='ltr'><strong>iubere,</strong></span> <span class='ocrx_word' id='word_1_117' title='bbox 645 916 794 955; x_wconf 89' lang='lat' dir='ltr'><strong>hortari</strong></span> <span class='ocrx_word' id='word_1_118' title='bbox 815 917 872 955; x_wconf 90' lang='lat' dir='ltr'><strong>uti</strong></span> <span class='ocrx_word' id='word_1_119' title='bbox 890 927 1044 965; x_wconf 87' lang='lat' dir='ltr'><strong>semper</strong></span> <span class='ocrx_word' id='word_1_120' title='bbox 1067 915 1208 954; x_wconf 85' lang='lat' dir='ltr'><strong>intenti</strong></span> <span class='ocrx_word' id='word_1_121' title='bbox 1227 913 1429 963; x_wconf 85' lang='lat' dir='ltr'><strong>paratique</strong></span> 
     </span>
     <span class='ocr_line' id='line_1_16' title="bbox 121 967 1467 1021; baseline -0.004 -12"><span class='ocrx_word' id='word_1_122' title='bbox 121 977 270 1010; x_wconf 87' lang='lat' dir='ltr'><strong>essent:</strong></span> <span class='ocrx_word' id='word_1_123' title='bbox 303 972 383 1010; x_wconf 91' lang='lat' dir='ltr'><strong>dies</strong></span> <span class='ocrx_word' id='word_1_124' title='bbox 413 972 614 1021; x_wconf 87' lang='lat' dir='ltr'><strong>noctisque</strong></span> <span class='ocrx_word' id='word_1_125' title='bbox 645 972 825 1009; x_wconf 83' lang='lat' dir='ltr'><strong>festinare</strong></span> <span class='ocrx_word' id='word_1_126' title='bbox 854 969 1032 1020; x_wconf 85' lang='lat' dir='ltr'><strong>vigilare,</strong></span> <span class='ocrx_word' id='word_1_127' title='bbox 1064 981 1191 1021; x_wconf 84' lang='lat' dir='ltr'><strong>neque</strong></span> <span class='ocrx_word' id='word_1_128' title='bbox 1221 967 1422 1007; x_wconf 87' lang='lat' dir='ltr'><strong>insomniis</strong></span> <span class='ocrx_word' id='word_1_129' title='bbox 1436 977 1467 1004; x_wconf 71' lang='grc' dir='ltr'><strong>ιε</strong></span> 
     </span>
    </p>

    <p class='ocr_par' dir='ltr' id='par_1_6' title="bbox 86 1021 1424 1132">
     <span class='ocr_line' id='line_1_17' title="bbox 86 1021 1423 1078; baseline -0.002 -14"><span class='ocrx_word' id='word_1_130' title='bbox 86 1031 250 1078; x_wconf 84' lang='lat' dir='ltr'><strong>3neque</strong></span> <span class='ocrx_word' id='word_1_131' title='bbox 277 1025 412 1065; x_wconf 90' lang='lat' dir='ltr'><strong>labore</strong></span> <span class='ocrx_word' id='word_1_132' title='bbox 442 1025 604 1076; x_wconf 86' lang='lat' dir='ltr'><strong>fatigari.</strong></span> <span class='ocrx_word' id='word_1_133' title='bbox 663 1026 865 1064; x_wconf 90' lang='lat' dir='ltr'><strong>Postremo</strong></span> <span class='ocrx_word' id='word_1_134' title='bbox 892 1025 960 1065; x_wconf 92' lang='lat' dir='ltr'><strong>ubi</strong></span> <span class='ocrx_word' id='word_1_135' title='bbox 996 1024 1115 1064; x_wconf 90' lang='lat' dir='ltr'><strong>multa</strong></span> <span class='ocrx_word' id='word_1_136' title='bbox 1147 1024 1305 1075; x_wconf 84' lang='lat' dir='ltr'><strong>agitanti</strong></span> <span class='ocrx_word' id='word_1_137' title='bbox 1327 1021 1423 1062; x_wconf 86' lang='lat' dir='ltr'><strong>nihil</strong></span> 
     </span>
     <span class='ocr_line' id='line_1_18' title="bbox 120 1079 1424 1132; baseline -0.002 -13"><span class='ocrx_word' id='word_1_138' title='bbox 120 1082 314 1132; x_wconf 88' lang='lat' dir='ltr'><strong>procedit,</strong></span> <span class='ocrx_word' id='word_1_139' title='bbox 353 1092 490 1120; x_wconf 86' lang='lat' dir='ltr'><strong>rursus</strong></span> <span class='ocrx_word' id='word_1_140' title='bbox 520 1083 748 1131; x_wconf 87' lang='lat' dir='ltr'><strong>intempesta</strong></span> <span class='ocrx_word' id='word_1_141' title='bbox 777 1086 891 1120; x_wconf 91' lang='lat' dir='ltr'><strong>nocte</strong></span> <span class='ocrx_word' id='word_1_142' title='bbox 922 1081 1198 1120; x_wconf 87' lang='lat' dir='ltr'><strong>coniurationis</strong></span> <span class='ocrx_word' id='word_1_143' title='bbox 1228 1079 1424 1130; x_wconf 86' lang='lat' dir='ltr'><strong>principes</strong></span> 
     </span>
    </p>

    <p class='ocr_par' dir='ltr' id='par_1_7' title="bbox 85 1133 1468 1408">
     <span class='ocr_line' id='line_1_19' title="bbox 85 1133 1424 1187; baseline -0.003 -12"><span class='ocrx_word' id='word_1_144' title='bbox 85 1143 107 1175; x_wconf 89' lang='lat'>4</span> <span class='ocrx_word' id='word_1_145' title='bbox 121 1142 308 1175; x_wconf 86' lang='lat' dir='ltr'><strong>convocat</strong></span> <span class='ocrx_word' id='word_1_146' title='bbox 323 1147 442 1187; x_wconf 89' lang='lat' dir='ltr'><strong>penes</strong></span> <span class='ocrx_word' id='word_1_147' title='bbox 461 1136 510 1174; x_wconf 83' lang='lat' dir='ltr'><strong>M.</strong></span> <span class='ocrx_word' id='word_1_148' title='bbox 529 1137 709 1176; x_wconf 88' lang='lat' dir='ltr'><strong>Porcium</strong></span> <span class='ocrx_word' id='word_1_149' title='bbox 723 1137 899 1180; x_wconf 85' lang='lat' dir='ltr'><strong>Laecam,</strong></span> <span class='ocrx_word' id='word_1_150' title='bbox 921 1135 1052 1187; x_wconf 90' lang='lat' dir='ltr'><strong>ibique</strong></span> <span class='ocrx_word' id='word_1_151' title='bbox 1068 1134 1186 1174; x_wconf 88' lang='lat' dir='ltr'><strong>multa</strong></span> <span class='ocrx_word' id='word_1_152' title='bbox 1206 1135 1254 1175; x_wconf 90' lang='lat' dir='ltr'><strong>de</strong></span> <span class='ocrx_word' id='word_1_153' title='bbox 1273 1133 1424 1184; x_wconf 81' lang='lat' dir='ltr'><strong>ignavia</strong></span> 
     </span>
     <span class='ocr_line' id='line_1_20' title="bbox 122 1187 1422 1242; baseline -0.003 -11"><span class='ocrx_word' id='word_1_154' title='bbox 122 1204 257 1231; x_wconf 89' lang='lat' dir='ltr'><strong>eornm</strong></span> <span class='ocrx_word' id='word_1_155' title='bbox 282 1197 440 1242; x_wconf 87' lang='lat' dir='ltr'><strong>questus</strong></span> <span class='ocrx_word' id='word_1_156' title='bbox 464 1191 577 1230; x_wconf 86' lang='lat' dir='ltr'><strong>docet</strong></span> <span class='ocrx_word' id='word_1_157' title='bbox 597 1204 638 1231; x_wconf 90' lang='lat' dir='ltr'><strong>se</strong></span> <span class='ocrx_word' id='word_1_158' title='bbox 663 1191 845 1230; x_wconf 81' lang='lat' dir='ltr'><strong>Manlium</strong></span> <span class='ocrx_word' id='word_1_159' title='bbox 869 1191 1114 1241; x_wconf 84' lang='lat' dir='ltr'><strong>praemisisse</strong></span> <span class='ocrx_word' id='word_1_160' title='bbox 1143 1190 1190 1230; x_wconf 92' lang='lat' dir='ltr'><strong>ad</strong></span> <span class='ocrx_word' id='word_1_161' title='bbox 1219 1202 1304 1230; x_wconf 88' lang='lat' dir='ltr'><strong>eam</strong></span> <span class='ocrx_word' id='word_1_162' title='bbox 1322 1187 1422 1228; x_wconf 91' lang='lat' dir='ltr'><strong>mul·</strong></span> 
     </span>
     <span class='ocr_line' id='line_1_21' title="bbox 119 1244 1468 1298; baseline -0.001 -14"><span class='ocrx_word' id='word_1_163' title='bbox 119 1247 335 1291; x_wconf 84' lang='lat' dir='ltr'><strong>titudinem,</strong></span> <span class='ocrx_word' id='word_1_164' title='bbox 369 1257 483 1297; x_wconf 89' lang='lat' dir='ltr'><strong>quam</strong></span> <span class='ocrx_word' id='word_1_165' title='bbox 504 1247 550 1286; x_wconf 90' lang='lat' dir='ltr'><strong>ad</strong></span> <span class='ocrx_word' id='word_1_166' title='bbox 576 1247 763 1298; x_wconf 86' lang='lat' dir='ltr'><strong>capiunda</strong></span> <span class='ocrx_word' id='word_1_167' title='bbox 783 1258 889 1285; x_wconf 84' lang='lat' dir='ltr'><strong>arma</strong></span> <span class='ocrx_word' id='word_1_168' title='bbox 912 1251 1126 1296; x_wconf 75' lang='lat' dir='ltr'><strong>paraverat,</strong></span> <span class='ocrx_word' id='word_1_169' title='bbox 1153 1247 1245 1286; x_wconf 90' lang='lat' dir='ltr'><strong>item</strong></span> <span class='ocrx_word' id='word_1_170' title='bbox 1264 1244 1360 1284; x_wconf 90' lang='lat' dir='ltr'><strong>alios</strong></span> <span class='ocrx_word' id='word_1_171' title='bbox 1380 1245 1468 1284; x_wconf 68' lang='lat' dir='ltr'><strong>inzo</strong></span> 
     </span>
     <span class='ocr_line' id='line_1_22' title="bbox 122 1300 1423 1354; baseline 0 -15"><span class='ocrx_word' id='word_1_172' title='bbox 122 1301 193 1340; x_wconf 87' lang='lat' dir='ltr'><strong>alia</strong></span> <span class='ocrx_word' id='word_1_173' title='bbox 222 1302 305 1342; x_wconf 92' lang='lat' dir='ltr'><strong>loca</strong></span> <span class='ocrx_word' id='word_1_174' title='bbox 327 1307 558 1354; x_wconf 88' lang='lat' dir='ltr'><strong>opportuna,</strong></span> <span class='ocrx_word' id='word_1_175' title='bbox 585 1304 650 1354; x_wconf 81' lang='lat' dir='ltr'><strong>qui</strong></span> <span class='ocrx_word' id='word_1_176' title='bbox 679 1304 828 1341; x_wconf 87' lang='lat' dir='ltr'><strong>initium</strong></span> <span class='ocrx_word' id='word_1_177' title='bbox 860 1301 949 1340; x_wconf 88' lang='lat' dir='ltr'><strong>belli</strong></span> <span class='ocrx_word' id='word_1_178' title='bbox 986 1302 1180 1346; x_wconf 83' lang='lat' dir='ltr'><strong>facerent,</strong></span> <span class='ocrx_word' id='word_1_179' title='bbox 1221 1312 1341 1352; x_wconf 86' lang='lat' dir='ltr'><strong>seque</strong></span> <span class='ocrx_word' id='word_1_180' title='bbox 1374 1300 1423 1339; x_wconf 89' lang='lat' dir='ltr'><strong>ad</strong></span> 
     </span>
     <span class='ocr_line' id='line_1_23' title="bbox 123 1356 1424 1408; baseline -0.002 -12"><span class='ocrx_word' id='word_1_181' title='bbox 123 1359 335 1396; x_wconf 84' lang='lat' dir='ltr'><strong>exercitum</strong></span> <span class='ocrx_word' id='word_1_182' title='bbox 355 1357 546 1407; x_wconf 81' lang='lat' dir='ltr'><strong>proficisci</strong></span> <span class='ocrx_word' id='word_1_183' title='bbox 578 1370 741 1408; x_wconf 90' lang='lat' dir='ltr'><strong>cupere,</strong></span> <span class='ocrx_word' id='word_1_184' title='bbox 771 1359 801 1396; x_wconf 90' lang='lat' dir='ltr'><strong>si</strong></span> <span class='ocrx_word' id='word_1_185' title='bbox 823 1359 930 1408; x_wconf 89' lang='lat' dir='ltr'><strong>prius</strong></span> <span class='ocrx_word' id='word_1_186' title='bbox 960 1356 1186 1397; x_wconf 89' lang='lat' dir='ltr'><strong>Ciceronem</strong></span> <span class='ocrx_word' id='word_1_187' title='bbox 1209 1356 1424 1408; x_wconf 87' lang='lat' dir='ltr'><strong>obpressis-</strong></span> 
     </span>
    </p>

    <p class='ocr_par' dir='ltr' id='par_1_8' title="bbox 53 1409 1510 1674">
     <span class='ocr_line' id='line_1_24' title="bbox 53 1409 1425 1463; baseline 0 -13"><span class='ocrx_word' id='word_1_188' title='bbox 53 1409 104 1450; x_wconf 70' lang='lat'><strong>‘2⁴3</strong></span> <span class='ocrx_word' id='word_1_189' title='bbox 121 1418 197 1451; x_wconf 89' lang='lat' dir='ltr'><strong>set:</strong></span> <span class='ocrx_word' id='word_1_190' title='bbox 230 1424 318 1451; x_wconf 90' lang='lat' dir='ltr'><strong>eum</strong></span> <span class='ocrx_word' id='word_1_191' title='bbox 347 1413 426 1451; x_wconf 90' lang='lat' dir='ltr'><strong>suis</strong></span> <span class='ocrx_word' id='word_1_192' title='bbox 448 1413 615 1452; x_wconf 89' lang='lat' dir='ltr'><strong>consiliis</strong></span> <span class='ocrx_word' id='word_1_193' title='bbox 644 1413 807 1452; x_wconf 90' lang='lat' dir='ltr'><strong>multum</strong></span> <span class='ocrx_word' id='word_1_194' title='bbox 839 1413 1019 1452; x_wconf 86' lang='lat' dir='ltr'><strong>obficere.</strong></span> <span class='ocrx_word' id='word_1_195' title='bbox 1060 1413 1181 1463; x_wconf 81' lang='lat' dir='ltr'><strong>Igitur</strong></span> <span class='ocrx_word' id='word_1_196' title='bbox 1208 1412 1425 1463; x_wconf 86' lang='lat' dir='ltr'><strong>perterritis</strong></span> 
     </span>
     <span class='ocr_line' id='line_1_25' title="bbox 122 1467 1423 1519; baseline 0 -13"><span class='ocrx_word' id='word_1_197' title='bbox 122 1479 167 1506; x_wconf 90' lang='lat' dir='ltr'><strong>ac</strong></span> <span class='ocrx_word' id='word_1_198' title='bbox 195 1467 458 1507; x_wconf 88' lang='lat' dir='ltr'><strong>dubitantibus</strong></span> <span class='ocrx_word' id='word_1_199' title='bbox 488 1469 626 1508; x_wconf 87' lang='lat' dir='ltr'><strong>ceteris</strong></span> <span class='ocrx_word' id='word_1_200' title='bbox 656 1469 700 1508; x_wconf 87' lang='lat' dir='ltr'><strong>G.</strong></span> <span class='ocrx_word' id='word_1_201' title='bbox 732 1467 931 1507; x_wconf 87' lang='lat' dir='ltr'><strong>Cornelius</strong></span> <span class='ocrx_word' id='word_1_202' title='bbox 958 1480 1076 1519; x_wconf 90' lang='lat' dir='ltr'><strong>eques</strong></span> <span class='ocrx_word' id='word_1_203' title='bbox 1103 1468 1301 1507; x_wconf 86' lang='lat' dir='ltr'><strong>Romanus</strong></span> <span class='ocrx_word' id='word_1_204' title='bbox 1331 1478 1423 1517; x_wconf 86' lang='lat' dir='ltr'><strong>ope-</strong></span> 
     </span>
     <span class='ocr_line' id='line_1_26' title="bbox 122 1522 1510 1574; baseline -0.001 -13"><span class='ocrx_word' id='word_1_205' title='bbox 122 1535 206 1562; x_wconf 87' lang='lat' dir='ltr'><strong>ram</strong></span> <span class='ocrx_word' id='word_1_206' title='bbox 246 1534 355 1562; x_wconf 88' lang='lat' dir='ltr'><strong>suam</strong></span> <span class='ocrx_word' id='word_1_207' title='bbox 394 1522 586 1573; x_wconf 89' lang='lat' dir='ltr'><strong>pollicitus</strong></span> <span class='ocrx_word' id='word_1_208' title='bbox 625 1529 662 1563; x_wconf 92' lang='lat' dir='ltr'><strong>et</strong></span> <span class='ocrx_word' id='word_1_209' title='bbox 698 1536 785 1563; x_wconf 90' lang='lat' dir='ltr'><strong>cum</strong></span> <span class='ocrx_word' id='word_1_210' title='bbox 823 1536 868 1562; x_wconf 85' lang='lat' dir='ltr'><strong>eo</strong></span> <span class='ocrx_word' id='word_1_211' title='bbox 899 1524 940 1562; x_wconf 93' lang='lat' dir='ltr'><strong>L.</strong></span> <span class='ocrx_word' id='word_1_212' title='bbox 973 1523 1231 1574; x_wconf 85' lang='lat' dir='ltr'><strong>Vargunteius</strong></span> <span class='ocrx_word' id='word_1_213' title='bbox 1267 1527 1468 1562; x_wconf 68' lang='lat' dir='ltr'><strong>senaim-2⁵</strong></span> <span class='ocrx_word' id='word_1_214' title='bbox 1501 1524 1510 1529; x_wconf 82' lang='grc'><em>“</em></span> 
     </span>
     <span class='ocr_line' id='line_1_27' title="bbox 124 1577 1424 1629; baseline 0 -13"><span class='ocrx_word' id='word_1_215' title='bbox 124 1579 359 1617; x_wconf 87' lang='lat' dir='ltr'><strong>constituere</strong></span> <span class='ocrx_word' id='word_1_216' title='bbox 394 1591 436 1618; x_wconf 90' lang='lat' dir='ltr'><strong>ea</strong></span> <span class='ocrx_word' id='word_1_217' title='bbox 475 1585 588 1618; x_wconf 85' lang='lat' dir='ltr'><strong>nocte</strong></span> <span class='ocrx_word' id='word_1_218' title='bbox 624 1578 739 1629; x_wconf 88' lang='lat' dir='ltr'><strong>paulo</strong></span> <span class='ocrx_word' id='word_1_219' title='bbox 776 1585 862 1629; x_wconf 91' lang='lat' dir='ltr'><strong>post</strong></span> <span class='ocrx_word' id='word_1_220' title='bbox 901 1591 988 1618; x_wconf 85' lang='lat' dir='ltr'><strong>cuin</strong></span> <span class='ocrx_word' id='word_1_221' title='bbox 1020 1580 1176 1619; x_wconf 89' lang='lat' dir='ltr'><strong>armatis</strong></span> <span class='ocrx_word' id='word_1_222' title='bbox 1201 1577 1424 1618; x_wconf 90' lang='lat' dir='ltr'><strong>hominibus</strong></span> 
     </span>
     <span class='ocr_line' id='line_1_28' title="bbox 124 1631 1424 1674; baseline 0.001 -3"><span class='ocrx_word' id='word_1_223' title='bbox 124 1631 277 1654; x_wconf 80' lang='lat'>*****</span> <span class='ocrx_word' id='word_1_224' title='bbox 308 1634 419 1672; x_wconf 89' lang='lat' dir='ltr'><strong>sicuti</strong></span> <span class='ocrx_word' id='word_1_225' title='bbox 448 1633 654 1674; x_wconf 87' lang='lat' dir='ltr'><strong>salutatum</strong></span> <span class='ocrx_word' id='word_1_226' title='bbox 683 1635 844 1673; x_wconf 89' lang='lat' dir='ltr'><strong>introire.</strong></span> <span class='ocrx_word' id='word_1_227' title='bbox 874 1634 919 1673; x_wconf 91' lang='lat' dir='ltr'><strong>ad</strong></span> <span class='ocrx_word' id='word_1_228' title='bbox 953 1634 1180 1674; x_wconf 87' lang='lat' dir='ltr'><strong>Ciceronem</strong></span> <span class='ocrx_word' id='word_1_229' title='bbox 1211 1647 1257 1673; x_wconf 88' lang='lat' dir='ltr'><strong>ac</strong></span> <span class='ocrx_word' id='word_1_230' title='bbox 1286 1635 1334 1674; x_wconf 85' lang='lat' dir='ltr'><strong>de</strong></span> <span class='ocrx_word' id='word_1_231' title='bbox 1365 1635 1424 1673; x_wconf 91' lang='lat' dir='ltr'><strong>in-</strong></span> 
     </span>
    </p>

    <p class='ocr_par' dir='ltr' id='par_1_9' title="bbox 86 1689 1424 1796">
     <span class='ocr_line' id='line_1_29' title="bbox 86 1689 1424 1741; baseline 0.003 -17"><span class='ocrx_word' id='word_1_232' title='bbox 86 1690 275 1739; x_wconf 72' lang='lat' dir='ltr'><strong>zproviso</strong></span> <span class='ocrx_word' id='word_1_233' title='bbox 308 1689 438 1728; x_wconf 85' lang='lat' dir='ltr'><strong>domui</strong></span> <span class='ocrx_word' id='word_1_234' title='bbox 465 1701 557 1729; x_wconf 89' lang='lat' dir='ltr'><strong>suae</strong></span> <span class='ocrx_word' id='word_1_235' title='bbox 587 1691 804 1741; x_wconf 88' lang='lat' dir='ltr'><strong>inparatum</strong></span> <span class='ocrx_word' id='word_1_236' title='bbox 833 1690 1055 1729; x_wconf 80' lang='lat' dir='ltr'><strong>confodere.</strong></span> <span class='ocrx_word' id='word_1_237' title='bbox 1112 1689 1250 1730; x_wconf 86' lang='lat' dir='ltr'><strong>Curius</strong></span> <span class='ocrx_word' id='word_1_238' title='bbox 1278 1689 1346 1729; x_wconf 91' lang='lat' dir='ltr'><strong>ubi</strong></span> <span class='ocrx_word' id='word_1_239' title='bbox 1366 1690 1424 1728; x_wconf 79' lang='lat' dir='ltr'><strong>in-</strong></span> 
     </span>
     <span class='ocr_line' id='line_1_30' title="bbox 124 1744 1424 1796; baseline 0 -13"><span class='ocrx_word' id='word_1_240' title='bbox 124 1744 285 1794; x_wconf 85' lang='lat' dir='ltr'><strong>tellegit,</strong></span> <span class='ocrx_word' id='word_1_241' title='bbox 319 1750 503 1795; x_wconf 86' lang='lat' dir='ltr'><strong>quantum</strong></span> <span class='ocrx_word' id='word_1_242' title='bbox 532 1745 694 1796; x_wconf 85' lang='lat' dir='ltr'><strong>periculi</strong></span> <span class='ocrx_word' id='word_1_243' title='bbox 724 1745 872 1784; x_wconf 90' lang='lat' dir='ltr'><strong>consuli</strong></span> <span class='ocrx_word' id='word_1_244' title='bbox 898 1746 1123 1795; x_wconf 87' lang='lat' dir='ltr'><strong>inpendeat.</strong></span> <span class='ocrx_word' id='word_1_245' title='bbox 1156 1757 1324 1796; x_wconf 88' lang='lat' dir='ltr'><strong>propere</strong></span> <span class='ocrx_word' id='word_1_246' title='bbox 1354 1756 1424 1796; x_wconf 87' lang='lat' dir='ltr'><strong>per</strong></span> 
     </span>
    </p>

    <p class='ocr_par' dir='ltr' id='par_1_10' title="bbox 86 1799 1470 1906">
     <span class='ocr_line' id='line_1_31' title="bbox 86 1799 1470 1851; baseline 0.002 -15"><span class='ocrx_word' id='word_1_247' title='bbox 86 1799 292 1838; x_wconf 79' lang='lat' dir='ltr'><strong>3Fulviani</strong></span> <span class='ocrx_word' id='word_1_248' title='bbox 325 1799 500 1839; x_wconf 85' lang='lat' dir='ltr'><strong>Ciceroni</strong></span> <span class='ocrx_word' id='word_1_249' title='bbox 530 1801 677 1845; x_wconf 87' lang='lat' dir='ltr'><strong>dolum,</strong></span> <span class='ocrx_word' id='word_1_250' title='bbox 719 1802 783 1851; x_wconf 86' lang='lat' dir='ltr'><strong>qui</strong></span> <span class='ocrx_word' id='word_1_251' title='bbox 813 1800 1044 1851; x_wconf 81' lang='lat' dir='ltr'><strong>parabatur,</strong></span> <span class='ocrx_word' id='word_1_252' title='bbox 1075 1802 1259 1840; x_wconf 89' lang='lat' dir='ltr'><strong>enuntiat.</strong></span> <span class='ocrx_word' id='word_1_253' title='bbox 1290 1801 1344 1840; x_wconf 90' lang='lat' dir='ltr'><strong>Ita</strong></span> <span class='ocrx_word' id='word_1_254' title='bbox 1371 1799 1470 1839; x_wconf 72' lang='lat' dir='ltr'><strong>illia·</strong></span> 
     </span>
     <span class='ocr_line' id='line_1_32' title="bbox 122 1854 1241 1906; baseline 0.002 -13"><span class='ocrx_word' id='word_1_255' title='bbox 122 1857 232 1894; x_wconf 89' lang='lat' dir='ltr'><strong>ianua</strong></span> <span class='ocrx_word' id='word_1_256' title='bbox 257 1854 438 1904; x_wconf 89' lang='lat' dir='ltr'><strong>prohibiti</strong></span> <span class='ocrx_word' id='word_1_257' title='bbox 465 1861 614 1895; x_wconf 89' lang='lat' dir='ltr'><strong>tantum</strong></span> <span class='ocrx_word' id='word_1_258' title='bbox 642 1857 788 1895; x_wconf 79' lang='lat' dir='ltr'><strong>facinus</strong></span> <span class='ocrx_word' id='word_1_259' title='bbox 809 1857 952 1895; x_wconf 79' lang='lat' dir='ltr'><strong>frustra</strong></span> <span class='ocrx_word' id='word_1_260' title='bbox 977 1863 1241 1906; x_wconf 84' lang='lat' dir='ltr'><strong>susceperant.</strong></span> 
     </span>
    </p>

    <p class='ocr_par' dir='ltr' id='par_1_11' title="bbox 87 1910 1468 2239">
     <span class='ocr_line' id='line_1_33' title="bbox 87 1910 1424 1962; baseline 0.004 -17"><span class='ocrx_word' id='word_1_261' title='bbox 87 1917 106 1945; x_wconf 73' lang='lat'><strong>4</strong></span> <span class='ocrx_word' id='word_1_262' title='bbox 235 1910 385 1950; x_wconf 87' lang='lat' dir='ltr'><strong>Interea</strong></span> <span class='ocrx_word' id='word_1_263' title='bbox 407 1911 567 1950; x_wconf 82' lang='lat' dir='ltr'><strong>Manlius</strong></span> <span class='ocrx_word' id='word_1_264' title='bbox 589 1913 625 1949; x_wconf 93' lang='lat' dir='ltr'><strong>in</strong></span> <span class='ocrx_word' id='word_1_265' title='bbox 651 1912 801 1950; x_wconf 82' lang='lat' dir='ltr'><strong>Etruria</strong></span> <span class='ocrx_word' id='word_1_266' title='bbox 825 1911 977 1962; x_wconf 83' lang='lat' dir='ltr'><strong>plebem</strong></span> <span class='ocrx_word' id='word_1_267' title='bbox 1001 1911 1226 1956; x_wconf 85' lang='lat' dir='ltr'><strong>sollicitare,</strong></span> <span class='ocrx_word' id='word_1_268' title='bbox 1254 1917 1424 1962; x_wconf 84' lang='lat' dir='ltr'><strong>egestate</strong></span> 
     </span>
     <span class='ocr_line' id='line_1_34' title="bbox 122 1965 1423 2019; baseline 0.001 -15"><span class='ocrx_word' id='word_1_269' title='bbox 122 1965 235 2004; x_wconf 91' lang='lat' dir='ltr'><strong>simul</strong></span> <span class='ocrx_word' id='word_1_270' title='bbox 266 1977 311 2003; x_wconf 88' lang='lat' dir='ltr'><strong>ac</strong></span> <span class='ocrx_word' id='word_1_271' title='bbox 341 1966 475 2005; x_wconf 90' lang='lat' dir='ltr'><strong>dolore</strong></span> <span class='ocrx_word' id='word_1_272' title='bbox 506 1968 667 2006; x_wconf 88' lang='lat' dir='ltr'><strong>iniuriae</strong></span> <span class='ocrx_word' id='word_1_273' title='bbox 699 1979 885 2006; x_wconf 81' lang='lat' dir='ltr'><strong>novarum</strong></span> <span class='ocrx_word' id='word_1_274' title='bbox 916 1979 1049 2006; x_wconf 80' lang='lat' dir='ltr'><strong>rerum</strong></span> <span class='ocrx_word' id='word_1_275' title='bbox 1080 1967 1280 2018; x_wconf 89' lang='lat' dir='ltr'><strong>cupidam,</strong></span> <span class='ocrx_word' id='word_1_276' title='bbox 1319 1966 1423 2019; x_wconf 88' lang='lat' dir='ltr'><strong>quod</strong></span> 
     </span>
     <span class='ocr_line' id='line_1_35' title="bbox 123 2020 1423 2073; baseline 0.001 -13"><span class='ocrx_word' id='word_1_277' title='bbox 123 2020 250 2061; x_wconf 89' lang='lat' dir='ltr'><strong>Sullae</strong></span> <span class='ocrx_word' id='word_1_278' title='bbox 283 2021 543 2061; x_wconf 85' lang='lat' dir='ltr'><strong>dominatione</strong></span> <span class='ocrx_word' id='word_1_279' title='bbox 565 2033 680 2072; x_wconf 84' lang='lat' dir='ltr'><strong>agros</strong></span> <span class='ocrx_word' id='word_1_280' title='bbox 710 2022 889 2073; x_wconf 88' lang='lat' dir='ltr'><strong>bonaque</strong></span> <span class='ocrx_word' id='word_1_281' title='bbox 920 2023 1046 2060; x_wconf 90' lang='lat' dir='ltr'><strong>omnia</strong></span> <span class='ocrx_word' id='word_1_282' title='bbox 1077 2024 1278 2066; x_wconf 89' lang='lat' dir='ltr'><strong>amiserat,</strong></span> <span class='ocrx_word' id='word_1_283' title='bbox 1310 2033 1423 2073; x_wconf 90' lang='lat' dir='ltr'><strong>prae·</strong></span> 
     </span>
     <span class='ocr_line' id='line_1_36' title="bbox 122 2075 1468 2129; baseline 0.002 -14"><span class='ocrx_word' id='word_1_284' title='bbox 122 2083 226 2115; x_wconf 88' lang='lat' dir='ltr'><strong>terea</strong></span> <span class='ocrx_word' id='word_1_285' title='bbox 268 2075 438 2116; x_wconf 84' lang='lat' dir='ltr'><strong>latrones</strong></span> <span class='ocrx_word' id='word_1_286' title='bbox 475 2079 661 2129; x_wconf 78' lang='lat' dir='ltr'><strong>cuiusque</strong></span> <span class='ocrx_word' id='word_1_287' title='bbox 692 2079 866 2127; x_wconf 74' lang='lat' dir='ltr'><strong>generis,</strong></span> <span class='ocrx_word' id='word_1_288' title='bbox 906 2090 1072 2128; x_wconf 83' lang='lat' dir='ltr'><strong>quorum</strong></span> <span class='ocrx_word' id='word_1_289' title='bbox 1109 2080 1146 2117; x_wconf 91' lang='lat' dir='ltr'><strong>in</strong></span> <span class='ocrx_word' id='word_1_290' title='bbox 1183 2091 1226 2117; x_wconf 88' lang='lat' dir='ltr'><strong>ea</strong></span> <span class='ocrx_word' id='word_1_291' title='bbox 1263 2079 1468 2128; x_wconf 71' lang='lat' dir='ltr'><strong>regioneas</strong></span> 
     </span>
     <span class='ocr_line' id='line_1_37' title="bbox 122 2132 1423 2185; baseline 0.002 -15"><span class='ocrx_word' id='word_1_292' title='bbox 122 2143 260 2181; x_wconf 81' lang='lat' dir='ltr'><strong>magna</strong></span> <span class='ocrx_word' id='word_1_293' title='bbox 294 2133 402 2182; x_wconf 86' lang='lat' dir='ltr'><strong>copia</strong></span> <span class='ocrx_word' id='word_1_294' title='bbox 430 2138 531 2177; x_wconf 86' lang='lat' dir='ltr'><strong>erat,</strong></span> <span class='ocrx_word' id='word_1_295' title='bbox 565 2133 771 2172; x_wconf 91' lang='lat' dir='ltr'><strong>nonnullos</strong></span> <span class='ocrx_word' id='word_1_296' title='bbox 801 2146 846 2173; x_wconf 82' lang='lat' dir='ltr'><strong>ex</strong></span> <span class='ocrx_word' id='word_1_297' title='bbox 875 2132 1041 2172; x_wconf 89' lang='lat' dir='ltr'><strong>Sullanis</strong></span> <span class='ocrx_word' id='word_1_298' title='bbox 1070 2134 1248 2177; x_wconf 83' lang='lat' dir='ltr'><strong>coloniis.</strong></span> <span class='ocrx_word' id='word_1_299' title='bbox 1281 2132 1423 2185; x_wconf 84' lang='lat' dir='ltr'><strong>quihus</strong></span> 
     </span>
     <span class='ocr_line' id='line_1_38' title="bbox 122 2187 1420 2239; baseline 0.001 -14"><span class='ocrx_word' id='word_1_300' title='bbox 122 2187 253 2226; x_wconf 88' lang='lat' dir='ltr'><strong>lubido</strong></span> <span class='ocrx_word' id='word_1_301' title='bbox 275 2194 389 2238; x_wconf 79' lang='lat' dir='ltr'><strong>atque</strong></span> <span class='ocrx_word' id='word_1_302' title='bbox 412 2187 563 2227; x_wconf 76' lang='lat' dir='ltr'><strong>luxuria</strong></span> <span class='ocrx_word' id='word_1_303' title='bbox 583 2200 629 2227; x_wconf 84' lang='lat' dir='ltr'><strong>ex</strong></span> <span class='ocrx_word' id='word_1_304' title='bbox 651 2190 800 2239; x_wconf 82' lang='lat' dir='ltr'><strong>magnis</strong></span> <span class='ocrx_word' id='word_1_305' title='bbox 826 2189 970 2238; x_wconf 83' lang='lat' dir='ltr'><strong>rapinis</strong></span> <span class='ocrx_word' id='word_1_306' title='bbox 995 2188 1088 2227; x_wconf 83' lang='lat' dir='ltr'><strong>nihil</strong></span> <span class='ocrx_word' id='word_1_307' title='bbox 1109 2188 1242 2228; x_wconf 89' lang='lat' dir='ltr'><strong>relicui</strong></span> <span class='ocrx_word' id='word_1_308' title='bbox 1264 2188 1420 2228; x_wconf 76' lang='lat' dir='ltr'><strong>fecerat.</strong></span> 
     </span>
    </p>

    <p class='ocr_par' dir='ltr' id='par_1_12' title="bbox 56 2242 1424 2294">
     <span class='ocr_line' id='line_1_39' title="bbox 56 2242 1424 2294; baseline 0.001 -12"><span class='ocrx_word' id='word_1_309' title='bbox 56 2243 106 2283; x_wconf 79' lang='lat'><strong>29</strong></span> <span class='ocrx_word' id='word_1_310' title='bbox 236 2242 287 2281; x_wconf 86' lang='lat' dir='ltr'><strong>Ea</strong></span> <span class='ocrx_word' id='word_1_311' title='bbox 321 2255 406 2281; x_wconf 79' lang='lat' dir='ltr'><strong>cuin</strong></span> <span class='ocrx_word' id='word_1_312' title='bbox 439 2245 615 2282; x_wconf 85' lang='lat' dir='ltr'><strong>Ciceroni</strong></span> <span class='ocrx_word' id='word_1_313' title='bbox 648 2245 937 2287; x_wconf 83' lang='lat' dir='ltr'><strong>nuntiarentur,</strong></span> <span class='ocrx_word' id='word_1_314' title='bbox 969 2245 1122 2294; x_wconf 83' lang='lat' dir='ltr'><strong>ancipiti</strong></span> <span class='ocrx_word' id='word_1_315' title='bbox 1143 2243 1243 2282; x_wconf 83' lang='lat' dir='ltr'><strong>malo</strong></span> <span class='ocrx_word' id='word_1_316' title='bbox 1267 2254 1424 2294; x_wconf 86' lang='lat' dir='ltr'><strong>permo-</strong></span> 
     </span>
    </p>
   </div>
   <div class='ocr_carea' id='block_1_3' title="bbox 1469 0 1537 2512">
    <p class='ocr_par' dir='ltr' id='par_1_13' title="bbox 1469 0 1537 2512">
     <span class='ocr_line' id='line_1_40' title="bbox 1469 0 1537 2512; baseline 0 -739"><span class='ocrx_word' id='word_1_317' title='bbox 1469 0 1537 2512; x_wconf 95' lang='lat' dir='ltr'><strong>   </strong></span> 
     </span>
    </p>
   </div>
  </div>
 </body>
</html>
