1537 2512
289 123 345 149 nn
376 123 511 150 nmmo
544 123 811 150 wem-mmo
842 122 877 149 c.
910 118 962 152 11.
993 117 1045 151 12.
1080 117 1132 151 13.
1305 110 1356 149 43

58 220 200 260 scindi:
231 232 321 259 nam
347 233 416 271 per
437 233 480 260 ea
507 226 680 271 tempora
702 220 920 260 confectum
941 221 1049 259 annis
1074 219 1267 270 Micipsam
1291 231 1358 270 pa-

56 287 144 314 rum
167 275 294 314 animo
324 275 499 314 valuisse.
545 276 643 314 Tum
675 275 777 314 idem
802 274 996 326 Hiempsal
1017 274 1170 326 placere
1200 274 1273 313 sibi
1297 286 1358 314 re·
1373 281 1394 314 6

57 330 231 381 spondit:
262 342 350 369 nam
374 332 499 381 ipsum
530 330 636 370 illum
666 330 790 369 tribus
814 331 1014 380 proxumis
1044 331 1152 369 annis
1182 329 1360 382 [adopta-

58 384 180 437 tione]
207 385 245 424 in
276 397 441 436 regnum
470 387 703 436 pervenisse.
747 386 858 431 Quod
882 385 1044 425 verbum
1075 386 1113 424 in
1142 389 1277 436 pectus
1298 384 1393 425 Iu-7

24 454 44 480 ¹⁵
58 439 223 490 gurthae
251 440 361 480 altius
383 453 496 492 quam
520 442 721 492 quisquam
743 445 849 479 ratus
867 446 949 480 erat
973 441 1181 480 descendit.
1227 439 1393 491 Itaque8

58 507 105 535 ex
137 507 182 535 eo
208 499 385 547 tempore
415 497 469 535 ira
502 502 538 535 et
568 502 672 535 metu
703 497 837 535 anxius
858 495 983 535 moliri
1013 507 1152 547 parare
1175 500 1288 546 atque
1316 507 1360 534 ea

57 550 173 590 modo
195 563 283 590 cum
305 553 433 590 animo
454 551 612 602 habere,
627 552 764 602 quibus
784 550 979 602 Hiempsal
999 563 1069 602 per
1091 550 1221 590 dolum
1247 561 1359 601 cape-

56 610 178 645 retur.
239 607 343 653 Quae
374 607 441 646 ubi
471 607 615 646 tardius
642 607 858 657 procedunt
883 618 1010 657 neque
1039 606 1180 645 lenitur
1210 606 1360 644 animus

59 660 181 705 ferox,
211 663 340 701 statuit
371 663 504 713 quovis
531 663 645 701 modo
675 663 869 712 inceptum
900 663 1102 711 perficere.

8 731 45 757 ιο
170 717 301 756 Primo
333 722 541 762 conventu,
575 729 690 768 quem
718 717 764 756 ab
794 716 938 766 regulis
969 717 1112 755 sactum
1137 727 1254 766 supra
1279 727 1358 754 me·
1379 713 1426 752 12

59 774 225 816 moravi,
264 778 426 823 propter
456 773 731 811 dissensionem
761 771 956 822 placuerat
988 772 1101 810 dividi
1130 771 1360 810 thensauros

58 827 221 878 finisque
239 829 380 878 imperi
399 827 561 877 singulis
579 828 768 866 constitui.
808 827 939 878 Itaque
967 832 1119 877 tempus
1148 827 1194 865 ad
1214 831 1396 865 utram-2

59 894 134 933 que
161 894 245 921 rem
271 883 507 927 decernitur,
536 888 594 922 set
614 884 801 922 maturius
824 883 869 921 ad
901 884 1105 932 pecuniam
1128 881 1361 921 distribuen-

60 937 161 977 dam.
207 937 344 988 Reguli
365 939 511 977 interea
536 939 575 977 in
596 937 679 976 loca
696 939 912 989 propinqua
933 938 1151 976 thensauris
1171 936 1267 976 alius
1288 935 1360 975 alio

12 1006 44 1033 1⁵
60 1004 300 1032 concessere.
361 993 428 1033 Set
459 992 653 1044 Hiempsal
683 995 721 1032 in
752 994 892 1044 oppido
922 992 1120 1031 Thirmida
1151 992 1249 1031 sorte
1281 992 1396 1031 eius3

59 1048 174 1087 domo
202 1047 394 1094 utebatur,
428 1050 492 1099 qui
508 1060 722 1099 proxumus
737 1048 849 1087 lictor
865 1048 1073 1097 Iugurthae
1092 1059 1204 1086 carus
1224 1057 1360 1096 accep-

58 1108 197 1154 tusque
218 1104 252 1143 ei
273 1115 428 1155 semper
446 1104 582 1143 fuerat.
609 1104 731 1150 Quem
753 1103 814 1142 ille
840 1115 929 1142 casu
950 1104 1168 1141 ministrum
1190 1101 1362 1140 oblatum

59 1159 260 1209 promissis
290 1165 425 1198 onerat
456 1159 698 1210 inpellitque,
734 1160 788 1197 uti
815 1163 1008 1209 tamquam
1039 1170 1108 1196 sua
1138 1159 1262 1196 visens
1294 1157 1361 1195 do-

60 1226 166 1253 mum
188 1219 260 1259 eat,
283 1220 486 1265 portarum
508 1214 621 1253 clavis
651 1213 884 1253 adulterinas
909 1218 1020 1264 paret
1054 1235 1099 1241 —
1133 1224 1223 1251 nam
1249 1223 1361 1250 verae

11 1270 108 1310 2oad
134 1269 392 1320 Hiempsalem
416 1269 687 1309 reserebantur
714 1292 783 1312 —,
826 1273 1019 1312 ceterum,
1051 1268 1119 1307 uhi
1147 1279 1210 1307 res
1230 1272 1361 1318 postu-

63 1324 173 1369 laret,
196 1336 237 1364 se
258 1326 381 1376 ipsum
405 1337 492 1364 cum
515 1335 654 1374 magna
677 1336 792 1363 manu
813 1329 1030 1362 venturum.
1071 1323 1234 1362 Numida
1255 1333 1362 1361 man·
1376 1329 1396 1358 4

64 1380 150 1419 data
180 1379 289 1420 brevi
318 1381 470 1419 conficit
500 1386 626 1431 atque,
650 1381 704 1418 uti
736 1380 870 1418 doctus
891 1384 984 1422 erat,
1015 1383 1131 1417 noctu
1155 1377 1363 1427 Iugurthae

63 1434 202 1475 milites
232 1435 452 1474 introducit.
486 1435 558 1480 Qui
580 1440 782 1486 postquam
813 1436 850 1472 in
876 1434 979 1473 aedis
1002 1435 1198 1484 inrupere,
1225 1432 1398 1471 (ἰὴ-01315

62 1501 195 1541 regem
225 1502 434 1542 quaerere,
469 1491 695 1529 dormientis
723 1489 815 1528 alios
838 1488 930 1528 alios
956 1489 1194 1528 occursantis
1219 1487 1362 1526 interfi-

16 1558 164 1591 ucere,
197 1548 361 1585 scrutari
382 1545 465 1584 loca
490 1545 628 1589 abdita,
659 1544 785 1584 clausa
817 1545 1034 1594 effringere,
1058 1544 1218 1593 strepitu
1241 1548 1277 1581 et
1304 1548 1362 1580 tu-

61 1601 185 1641 multu
207 1602 332 1640 omnia
352 1602 536 1640 miscere:
567 1613 654 1639 cum
683 1601 835 1639 interim
860 1598 1054 1650 Hiempsal
1076 1599 1270 1649 reperitur
1301 1609 1362 1636 oc-

64 1656 214 1696 cultans
235 1668 275 1695 se
303 1655 380 1708 [in]
402 1658 558 1706 tugurio
580 1655 752 1694 mulieris
773 1654 949 1699 ancillae,
974 1666 1050 1705 quo
1076 1654 1181 1692 initio
1207 1653 1364 1704 pavidus

64 1717 101 1752 et
128 1713 286 1762 ignarus
310 1712 383 1750 loci
407 1712 642 1762 perfugerat.
703 1710 889 1750 Numidae
920 1714 1034 1760 caput
1064 1711 1164 1749 eius,
1197 1709 1251 1746 uti
1275 1709 1366 1746 iussi

64 1773 193 1811 erant,
225 1767 272 1806 ad
302 1767 527 1816 Iugurtham
556 1766 743 1805 referunt.

16 1834 51 1860 so
178 1821 356 1861 Ceterum
382 1823 482 1861 sama
499 1823 591 1861 tanti
609 1821 790 1859 facinoris
807 1832 877 1871 per
897 1831 1051 1858 omnem
1073 1818 1240 1857 Africam
1263 1816 1371 1856 brevi
1386 1817 1431 1856 13

65 1876 302 1927 divolgatur:
333 1876 590 1916 Adherbalem
611 1878 812 1927 omnisque
838 1876 901 1926 qui
923 1874 993 1913 sub
1011 1874 1176 1924 imperio
1186 1872 1366 1922 Micipsae

65 1933 219 1972 fuerant
252 1937 376 1971 metus
402 1932 562 1970 invadit:
595 1933 631 1970 in
656 1931 749 1970 duas
777 1931 896 1981 partis
928 1929 1129 1968 discedunt
1156 1927 1366 1967 Numidae:

63 1987 197 2040 plures
216 1987 473 2026 Adherbalem
493 1992 688 2030 secuntur,
718 1991 775 2025 set
801 1985 905 2024 illum
928 1984 1090 2023 alterum
1111 1982 1211 2022 bello
1234 1981 1367 2021 melio-

65 2055 142 2083 res,
201 2042 320 2093 Igitur
350 2041 532 2092 Iugurtha
556 2054 669 2093 quam
698 2052 896 2079 maxumas
917 2044 1042 2090 potest
1072 2040 1201 2089 copias
1232 2044 1402 2080 armat,2

21 2098 176 2139 aeurbis
205 2099 342 2148 partim
364 2099 398 2136 vi
429 2096 521 2137 alias
550 2097 745 2136 voluntate
777 2096 940 2146 imperio
966 2106 1035 2133 suo
1058 2094 1241 2143 adiungit,
1264 2093 1368 2131 omni

69 2153 270 2193 Numidiae
285 2155 480 2199 imperare
491 2157 612 2202 parat.
644 2151 850 2195 Adherbal,
877 2151 1026 2189 tametsi
1046 2149 1208 2188 Romam
1224 2147 1401 2197 legatos-2

71 2210 248 2253 miserat,
280 2209 346 2258 qui
375 2212 549 2246 senatum
581 2207 766 2246 docerent
787 2206 833 2245 de
856 2205 972 2245 caede
994 2205 1123 2243 fratris
1144 2209 1182 2243 et
1204 2203 1369 2242 fortunis

70 2265 168 2309 suis,
197 2269 325 2302 tamen
350 2263 470 2302 {retus
491 2261 732 2301 multitudine
762 2261 923 2301 militum
953 2260 1113 2312 parabat
1135 2260 1251 2298 armis
1277 2269 1367 2296 con-
