1537 2512
102 41 178 80 120
456 49 698 80 ozanomzs
727 49 781 75 ET
806 49 1044 77 ΕΡιεΊ-υιᾼε

52 156 72 190 3
97 149 193 190 mala
214 160 298 188 mea
331 159 418 188 cum
448 146 559 186 bonis
589 148 664 186 tuis
679 147 832 186 misceri
859 158 1025 197 sperem.
1056 148 1180 198 Atque
1204 155 1260 190 ea,
1295 155 1392 196 quae

98 212 134 245 te
164 205 308 244 morari
336 214 450 254 posse
478 202 674 247 videntur,
715 203 771 241 ira
805 203 844 241 in
872 202 1080 252 Tigranem
1107 201 1272 242 recentis
1301 197 1394 239 hem

99 267 136 300 et
165 272 274 299 meae
310 271 373 298 res
401 269 538 308 parum
573 269 802 308 prosperae,
836 259 867 296 si
897 270 985 297 vera
1017 258 1247 297 existumare
1276 254 1392 298 voles,

50 322 72 353 4
96 327 274 355 maxume
304 312 575 353 hortabuntur.
606 312 673 351 Ille
699 314 800 352 enim
826 313 1014 352 obnoxius
1043 312 1194 363 qualem
1224 316 1265 351 tu
1289 309 1394 349 voles

96 372 318 409 societatem
358 368 536 418 accipiet:
579 367 673 406 milii
703 367 876 413 fortuna,
923 368 1050 407 multis
1082 368 1200 408 rebus
1239 365 1393 417 ereptis,
1411 378 1428 403 s

96 437 209 465 usum
241 425 344 464 dedit
374 425 475 464 bene
505 423 690 462 suadendi
744 428 797 467 et,
831 424 933 474 quod
964 423 1193 463 florentibus
1226 419 1394 473 optabile

97 488 165 526 est,
200 492 271 531 ego
300 492 378 518 non
406 477 676 517 validissumus
704 478 872 529 praebeo
895 478 1125 530 exemplum,
1156 490 1232 529 quo
1251 477 1394 516 rectius

96 543 160 576 tua
192 547 398 586 conponas.

51 599 72 631 5
208 590 382 641 Namque
411 589 593 628 Romanis
611 601 697 628 cum
714 589 932 628 nationibus
946 589 1098 639 populis
1121 588 1277 640 regibus
1302 599 1394 628 cun-

100 647 168 686 ctis
196 657 270 686 una
300 651 337 684 et
368 657 408 684 ea
440 650 548 684 vetus
583 657 695 685 causa
738 643 905 683 bellandi
927 650 1001 688 est,
1035 645 1173 694 cupido
1203 643 1396 695 profunda
1409 654 1442 681 10

96 701 237 752 imperi
257 706 294 741 et
321 701 548 740 divitiarum.
608 700 690 745 Qua
725 701 850 750 primo
887 711 974 738 cum
1010 711 1103 750 rege
1142 699 1395 739 Macedonum

97 757 274 808 Philippo
295 755 440 795 bellum
467 766 680 804 sumpsere,
708 754 799 793 dum
837 766 857 792 a
896 755 1272 804 Carthaginiensibus
1308 765 1396 804 pre-

53 820 74 854 6
99 812 304 852 mebantur
322 811 524 851 amicitiam
542 810 774 848 simulantes.
801 810 844 848 Ei
860 809 1149 849 subvenientem
1167 809 1397 849 Antiochum

99 869 348 907 concessione
369 867 478 904 Asiae
502 877 572 915 per
596 865 726 904 dolum
748 870 942 910 avortere,
969 877 1013 904 ac
1040 877 1130 905 mox
1160 865 1282 904 fracto
1308 864 1396 903 Phi·

98 924 201 974 lippo
224 922 435 962 Antiochus
466 921 569 959 omni
599 922 651 959 cis
684 920 855 960 Taurum
887 932 979 970 agro
1010 926 1047 959 et
1082 922 1214 960 decem
1243 919 1397 959 milibus
1412 928 1445 956 ιι

54 989 74 1020 7
99 979 330 1018 talentorum
364 975 547 1028 spoliatus
578 980 644 1014 est.
704 975 848 1015 Persen
879 976 1036 1020 deinde,
1067 976 1231 1026 Philippi
1262 975 1394 1020 filium,

98 1039 185 1085 post
215 1033 333 1072 multa
360 1037 396 1071 et
419 1032 520 1070 varia
542 1031 750 1070 certamina
770 1031 871 1082 apud
893 1031 1162 1070 Samothracas
1178 1031 1270 1070 deos
1287 1042 1396 1070 acce·

98 1095 207 1140 ptum
232 1090 270 1127 in
296 1087 431 1131 fidem,
466 1086 589 1126 callidi
621 1091 655 1125 et
684 1092 904 1137 repertores
934 1087 1135 1137 perfidiae,
1168 1087 1256 1137 quia
1285 1090 1398 1137 pacto

53 1158 74 1190 8
99 1147 213 1184 vitam
244 1143 441 1186 dederant,
463 1142 661 1180 insomniis
684 1142 872 1181 occidere.
921 1141 1145 1187 Eumenem,
1173 1142 1280 1181 cuius
1305 1142 1398 1181 ami-

101 1201 226 1240 citiam
261 1198 427 1249 gloriose
450 1201 657 1242 ostentant,
688 1198 792 1236 initio
822 1197 1029 1248 prodidere
1059 1197 1263 1242 Antiocho,
1295 1197 1400 1247 pacis
1413 1206 1446 1234 πο

100 1254 341 1298 mercedem,
374 1258 481 1304 post,
513 1252 686 1291 habitum
717 1253 912 1291 custodiae
940 1254 1022 1302 agri
1053 1254 1207 1303 captivi,
1239 1253 1399 1302 sumpti·

100 1310 174 1350 bus
203 1315 239 1349 et
262 1307 502 1348 contumeliis
527 1320 573 1346 ex
598 1319 690 1358 rege
711 1309 983 1347 miserrumum
1011 1319 1212 1347 servorum
1237 1307 1414 1350 effecere,

102 1364 492 1415 simulatoq11ei11pio
521 1367 749 1402 testamento
765 1362 884 1402 filium
914 1364 994 1402 eius
1014 1363 1283 1408 Aristonicum,
1313 1364 1400 1414 quia

101 1421 267 1471 patrium
299 1431 462 1469 regnum
489 1419 692 1469 petiverat,
723 1419 890 1457 hostium
920 1430 1028 1458 more
1058 1430 1128 1469 per
1161 1418 1400 1469 triumphum

56 1484 77 1518 9
103 1476 270 1516 duxere:
309 1476 396 1513 Asia
437 1474 482 1513 ab
521 1474 613 1523 ipsis
644 1473 798 1512 obsessa
829 1479 896 1513 est.
946 1474 1147 1513 Postremo
1185 1473 1447 1525 Bithyniam&

101 1531 311 1571 Nicomede
341 1534 496 1568 mortuo
525 1529 739 1579 diripuere,
773 1541 858 1568 cum
889 1529 987 1568 filius
1008 1529 1127 1581 Nysa,
1158 1541 1272 1580 quam
1301 1530 1401 1579 regi-

36 1596 76 1630 10
101 1598 190 1626 nam
221 1585 495 1637 adpellaverat,
526 1586 677 1634 genitus
700 1585 791 1623 haut
816 1585 929 1624 dubie
955 1590 1066 1624 esset.
1099 1584 1195 1623 Nam
1221 1585 1311 1636 quid
1329 1595 1402 1635 ego

101 1654 163 1681 me
188 1640 406 1692 adpellem?
441 1652 555 1690 quem
586 1640 796 1678 diiunctum
829 1640 998 1690 undique
1037 1641 1166 1689 regnis
1198 1644 1234 1679 et
1264 1644 1401 1679 tetrar-

103 1697 197 1737 chiis
225 1696 272 1735 ab
293 1695 457 1747 imperio
480 1707 626 1739 eorum,
657 1697 742 1744 quia
765 1695 862 1734 sama
889 1701 970 1734 erat
995 1695 1147 1734 divitem
1173 1706 1299 1746 neque
1320 1706 1401 1734 ser-

102 1753 268 1791 viturum
300 1763 395 1796 esse,
427 1762 496 1801 per
522 1750 770 1789 Nicomedem
797 1750 898 1789 bello
926 1750 1214 1795 lacessiverunt,
1245 1749 1402 1790 sceleris
1414 1761 1447 1789 30

103 1819 237 1847 eorum
269 1807 360 1845 haut
382 1807 556 1856 ignarum
604 1811 639 1844 et
662 1818 717 1850 ea,
742 1818 837 1857 quae
862 1807 1049 1850 accidere,
1081 1810 1260 1845 testatum
1291 1811 1403 1845 antea

105 1863 320 1907 Cretensis,
352 1861 453 1899 solos
483 1862 653 1899 omnium
683 1860 825 1900 liberos
857 1874 898 1900 ea
930 1866 1175 1912 tempestate,
1204 1867 1242 1901 et
1270 1873 1402 1912 regem

38 1926 77 1958 11
103 1917 378 1957 Ptolemaeum.
410 1917 531 1967 Atque
560 1927 630 1965 ego
652 1915 752 1955 ultus
782 1918 937 1956 iniurias
957 1916 1205 1956 Nicomedem
1228 1916 1403 1967 Bithynia

104 1973 230 2024 expuli
257 1973 480 2022 Asiamque,
511 1971 673 2022 spolium
705 1974 805 2022 regis
834 1972 1029 2017 Antiochi,
1060 1973 1190 2023 recepi
1219 1977 1256 2011 et
1283 1971 1403 2011 Grae-

40 2037 78 2068 12
105 2029 185 2067 ciae
221 2027 368 2078 dempsi
397 2039 510 2077 grave
538 2028 745 2066 servitium.
778 2028 931 2078 Incepta
959 2039 1044 2067 mea
1072 2032 1292 2078 postremus
1321 2038 1450 2067 ser-³⁶

106 2095 240 2121 vorum
269 2081 480 2121 Archelaus
510 2084 678 2122 exercitu
709 2084 860 2133 prodito
896 2083 1096 2133 inpedivit:
1137 2082 1279 2133 illique,
1306 2093 1403 2133 quos

106 2138 251 2189 ignavia
282 2142 346 2176 aut
376 2149 490 2187 prava
524 2137 726 2182 calliditas,
760 2144 800 2177 ut
824 2140 917 2177 meis
938 2137 1134 2177 laboribus
1165 2139 1234 2177 tuti
1263 2142 1402 2181 essent,

105 2194 220 2232 armis
249 2192 444 2238 abstinuit,
473 2193 753 2233 acerbissumas
790 2205 934 2245 poenas
962 2193 1130 2238 solvunt,
1162 2192 1404 2232 Ptolemaeus
