1537 2512
137 75 190 114 62
410 88 466 114 m:
498 87 634 113 nmmo
663 86 928 113 IVGVRTHINO
961 86 996 113 c.
1023 81 1078 117 38.
1104 81 1160 117 39.
1503 0 1537 247 ¹

136 187 361 235 intempesta
381 188 495 223 nocte
519 183 566 223 de
589 184 784 233 inproviso
805 185 1047 224 multitudine
1074 184 1326 223 Numidarum
1347 184 1434 225 Auli

101 244 260 279 5castra
292 240 552 287 circumvenit.
611 239 747 278 Milites
775 240 959 284 Romani,
987 238 1155 289 perculsi
1183 239 1348 279 tumultu
1375 241 1433 278 in-
1526 250 1537 270 Ἴ

136 295 266 339 solito,
298 307 404 334 arma
432 306 571 344 capere
597 293 676 339 alii,
710 294 771 333 alii
792 307 833 334 se
860 295 1022 339 abdere,
1054 305 1144 345 pars
1165 295 1318 334 territos
1340 306 1430 333 con·
1527 267 1537 326 ἦ

136 350 312 394 firmare,
343 350 538 400 trepidare
570 349 746 389 omnibus
765 350 878 388 locis:
909 351 964 388 viS
984 360 1122 399 magna
1144 349 1323 394 hostium,
1346 361 1431 388 cae·
1524 338 1537 382 4.

137 405 214 444 lum
245 410 359 444 noete
389 410 503 455 atque
533 404 701 443 nubibus
726 405 994 449 obscuratum,
1025 404 1241 454 periculum
1271 416 1462 454 anceps:⁵
1536 406 1537 410 ’

102 465 123 497 6
136 464 333 510 postremo
353 460 489 511 fugere
514 471 562 498 an
581 472 739 499 manere
758 461 876 499 tutius
893 460 992 498 foret
1012 460 1051 498 in
1072 461 1220 498 incerto
1241 464 1334 498 erat.
1366 459 1432 498 Set

137 527 183 554 ex
212 527 256 554 eo
276 527 452 560 numero,
484 526 580 566 quos
609 515 723 565 paulo
743 520 830 554 ante
854 520 1063 565 conruptos
1092 513 1268 559 diximuS,
1292 514 1432 553 cohors
1519 513 1537 555 *i

136 582 212 609 una
229 571 414 621 Ligurum
435 582 523 609 cum
547 570 696 608 duabus
717 572 852 610 turmis
872 570 1065 609 Thracum
1087 576 1124 609 et
1144 570 1276 620 paucis
1295 580 1431 619 grega-
1535 607 1537 610 .

135 627 202 664 riis
219 625 401 665 militibus
422 626 610 664 transiere
632 625 679 664 ad
695 637 828 675 regem
840 656 850 670 ,
883 630 919 664 et
936 625 1109 664 centurio
1128 625 1242 675 primi
1261 624 1327 675 pili
1353 628 1430 663 ter·
1533 652 1537 686 2

135 682 209 720 tiae
235 680 396 731 legionis
423 693 494 732 per
523 681 785 730 munitionem,
812 692 926 732 quam
946 682 1000 719 uti
1026 680 1248 719 defenderet
1273 691 1480 730 aecepe-io

136 742 212 780 rat,
236 736 363 775 locum
387 735 561 775 hostibus
580 736 799 775 introeundi
820 735 933 780 dedit,
957 747 1077 786 eaque
1097 735 1283 774 Numidae
1306 735 1431 774 cuncti
1533 737 1537 755 ’·

104 792 332 841 7inrupere.
375 792 504 831 Nostri
526 790 636 830 foeda
656 791 767 841 fuga,
798 791 973 842 plerique
995 790 1151 830 abiectis
1176 791 1309 834 armis,
1340 801 1431 840 pro-

103 854 297 887 8xumum
329 846 465 886 collem
496 857 746 896 occupavere.
801 846 883 885 Nox
915 852 1027 896 atque
1051 846 1194 897 praeda
1217 851 1430 885 castrorum

102 909 123 942 9
136 902 275 947 bostis,
299 913 374 952 quo
395 903 522 941 minus
544 903 696 940 victoria
713 906 928 946 uterentur,
947 907 1139 941 remorata
1160 906 1260 941 sunt.
1286 900 1429 940 Deinde

136 956 322 1006 Iugurtha
351 962 507 1007 postero
538 957 598 996 die
629 969 714 995 eum
746 957 841 996 Aulo
872 958 910 996 in
942 955 1144 1008 conloquio
1175 956 1290 996 verba
1320 956 1478 995 facitne,
1532 977 1537 981 -

136 1013 286 1051 tametsi
306 1013 433 1063 ipsum
454 1024 541 1051 cum
563 1013 733 1051 exercitu
757 1013 855 1051 same
878 1018 916 1051 et
943 1012 1047 1051 ferro
1076 1012 1247 1052 clausum
1267 1017 1428 1054 teneret,
1535 1019 1537 1026 ·

136 1073 264 1106 tamen
295 1079 336 1107 se
365 1080 577 1107 memorem
607 1067 863 1107 humanarum
892 1079 1043 1112 rerum,
1075 1069 1106 1106 si
1135 1079 1267 1107 secum
1295 1066 1430 1106 foedus

137 1123 300 1167 faceret,
330 1122 531 1162 incolumis
558 1124 681 1161 omnis
708 1122 779 1162 sub
809 1125 941 1172 iugum
970 1123 1198 1162 missurum:
1229 1128 1428 1173 praeterea

84 1184 126 1217 10
141 1180 196 1217 uti
225 1178 360 1217 diebus
403 1179 536 1217 decem
566 1178 742 1217 Numidia
779 1179 995 1217 decederet.
1055 1179 1159 1224 Quae
1197 1189 1428 1229 quamquam

136 1234 265 1283 gravia
298 1239 336 1272 et
370 1233 488 1284 flagiti
520 1233 633 1283 plena
673 1238 793 1278 erant,
823 1238 969 1278 tamen,
1007 1235 1094 1285 quia
1128 1235 1261 1272 mortis
1285 1239 1428 1272 metum
1443 1248 1474 1274 π

132 1288 404 1334 intuebantur,
435 1290 545 1327 sicuti
574 1290 657 1337 regi
683 1288 881 1334 lubuerat‚
909 1301 983 1338 pax
1006 1291 1192 1328 convenit.

70 1347 120 1387 39
249 1344 314 1383 Set
331 1343 397 1382 ubi
414 1355 457 1383 ea
480 1342 624 1382 Romae
647 1349 830 1393 conperta
846 1349 953 1388 sunt,
985 1350 1110 1384 metus
1131 1350 1244 1395 atque
1277 1355 1429 1384 maeror

136 1400 324 1438 civitatem
354 1400 540 1438 invasere.
585 1399 680 1437 Pars
710 1398 840 1438 dolere
864 1411 936 1449 pro
958 1398 1078 1450 gloria
1094 1401 1347 1452 imperi,pars
1372 1400 1428 1439 in-

135 1454 242 1493 solita
271 1466 405 1493 rerum
432 1453 657 1493 bellicarum
697 1455 832 1493 timere
860 1453 1045 1493 libertati:
1085 1455 1181 1494 Aulo
1211 1466 1344 1494 omnes
1372 1456 1427 1494 in-

135 1510 235 1554 festi,
270 1521 314 1548 ac
343 1522 522 1548 maxume
552 1510 617 1560 qui
636 1508 737 1548 bello
768 1521 882 1560 saepe
912 1510 1101 1559 praeclari
1131 1510 1295 1554 fuerant,
1327 1510 1472 1561 quodne.

138 1571 308 1603 armatus
331 1565 520 1604 dedecore
550 1565 677 1614 potius
704 1577 818 1615 quam
840 1575 956 1603 manu
986 1565 1145 1604 salutem
1177 1567 1426 1617 quaesiverat.

103 1629 121 1659 2
137 1619 194 1658 Ob
218 1631 261 1658 ea
282 1619 415 1659 consul
445 1619 603 1658 Albinus
632 1631 677 1658 ex
707 1619 844 1659 delicto
874 1620 1002 1659 fratris
1027 1621 1204 1659 invidiam
1224 1633 1266 1660 ac
1292 1621 1428 1660 deinde

134 1674 348 1725 periculum
368 1675 507 1713 timens
526 1680 699 1713 senatum
722 1675 768 1713 de
790 1675 945 1714 foedere
971 1675 1212 1721 consulebat,
1244 1683 1280 1715 et
1301 1681 1427 1715 tamen

134 1731 288 1769 interim
318 1730 502 1769 exercitui
532 1729 843 1779 subplementum
873 1729 1066 1774 scribere,
1093 1730 1140 1769 ab
1162 1732 1275 1770 sociis
1303 1738 1338 1770 et
1359 1743 1426 1770 no-

134 1786 236 1823 mine
258 1784 391 1824 Latino
414 1784 551 1824 auxilia
573 1797 792 1830 accersere,
821 1785 986 1836 denique
1013 1785 1191 1824 omnibus
1211 1786 1333 1825 modis
1354 1787 1469 1828 ses·

101 1847 120 1877 3
134 1841 267 1879 tiuare.
315 1840 478 1879 Senatus
502 1841 551 1878 ita
567 1841 622 1879 uti
646 1852 715 1890 par
738 1841 863 1880 suerat
881 1841 1053 1879 deceruit
1078 1853 1148 1879 suo
1164 1846 1275 1892 atquc
1295 1842 1425 1893 populi

98 1896 279 1935 4i11iussu
309 1895 458 1934 nullum
488 1896 655 1945 potuisse
686 1896 821 1935 foedus
850 1896 944 1934 fieri.
1012 1895 1153 1935 Consul
1186 1897 1375 1948 inpeditus
1405 1910 1426 1937 a

135 1950 298 1989 tribunis
330 1950 456 2000 plebei
485 1962 532 1989 ne
564 1962 658 2000 quas
688 1956 889 2000 paraverat
920 1952 1048 2002 copias
1077 1963 1210 1990 secum
1240 1958 1423 2003 portaret,

134 2006 265 2054 paucis
297 2005 431 2044 diebus
461 2007 497 2043 in
529 2005 696 2044 Africam
726 2007 998 2056 proficiscitur:
1039 2018 1128 2045 uam
1165 2008 1287 2046 omnis
1315 2020 1424 2048 exer-

135 2061 243 2104 citus,
265 2062 318 2099 uti
349 2065 591 2107 convenerat,
616 2060 793 2100 Numidia
826 2060 1015 2099 deductus
1056 2063 1093 2099 in
1120 2063 1313 2112 provincia
1345 2062 1461 2106 hie-³1

103 2114 273 2154 nmabat.
304 2115 510 2166 Postquam
532 2128 577 2154 eo
605 2117 723 2160 venit,
752 2127 983 2166 quamquam
1003 2117 1183 2167 persequi
1201 2112 1440 2166 Iugurtham'

135 2176 171 2209 et
201 2171 346 2210 mederi
376 2171 567 2210 fraternae
596 2171 755 2210 invidiae
786 2172 912 2209 animo
943 2171 1119 2215 ardebat,
1159 2173 1319 2222 cognitis
1355 2175 1425 2213 mi-

134 2225 282 2270 litibus,
315 2238 411 2277 quos
447 2231 600 2276 praeter
636 2227 763 2277 sugam
796 2225 919 2265 soluto
943 2226 1104 2276 imperio
1131 2226 1279 2266 licentia
1311 2234 1424 2280 atque
