1537 2512
93 83 144 125 88
408 98 464 123 m:
493 96 629 123 nmmo
659 96 924 123 lvsvnromo
958 95 995 124 c.
1026 90 1083 125 85.

59 201 132 235 2et
159 194 381 245 superbiam
413 198 576 233 aetatem
598 206 725 244 agere.
772 194 837 233 Set
866 194 959 233 mihi
990 199 1124 234 contra
1156 206 1199 233 ea
1225 195 1395 236 videtur:

93 262 182 289 nam
219 262 294 300 quo
322 249 445 300 pluris
477 254 534 288 est
562 251 743 288 univorsa
768 261 832 289 res
854 249 1007 301 publiea
1030 262 1144 300 quam
1175 250 1397 290 consulatus

95 311 160 344 aut
179 309 381 356 praetura,
414 316 459 344 eo
479 305 624 343 maiore
647 316 740 343 cura
759 304 862 343 illam
882 305 1140 344 administrari
1164 317 1278 356 quam
1300 305 1396 345 haec

58 367 78 401 3
93 362 170 412 peti
192 359 348 400 debere.
384 360 518 410 Neque
539 372 602 399 me
623 359 736 404 fallit,
760 364 945 410 quantum
963 372 1051 399 cum
1062 371 1244 398 maxumo
1258 358 1399 398 benefi-

91 426 148 463 cio
166 426 296 460 vostro
314 419 446 468 negoti
469 418 691 456 sustineam.
715 414 864 454 Bellum
887 427 1027 465 parare
1049 414 1162 454 simul
1186 420 1224 454 et
1243 417 1392 455 aerario
1409 425 1423 451 ³

93 482 267 521 parcere,
294 482 435 521 cogere
456 470 505 508 ad
525 469 697 508 militiam
720 482 785 509 eos
809 482 905 520 quos
924 470 1023 508 nolis
1044 469 1270 516 obtendere,
1291 471 1394 510 domi

95 526 264 577 forisque
293 527 421 565 omnia
440 537 597 570 curare,
631 530 668 563 et
689 537 732 563 ea
754 537 869 575 agere
892 526 990 564 inter
1015 525 1163 564 invidos
1186 537 1394 565 occursan-

57 583 140 620 4tis
170 581 349 620 factiosos
371 582 569 632 opinione,
602 579 785 625 Quirites,
818 582 993 633 asperius
1014 586 1082 620 est.
1129 580 1186 619 Ad
1205 580 1300 626 hoc,
1333 581 1395 620 alii

92 638 123 675 si
143 636 364 688 deliquere,
392 641 501 675 vetus
526 635 728 681 nobilitas,
760 636 949 674 maiorum
971 635 1083 674 sortia
1104 635 1224 681 sacta,
1252 647 1393 686 cogna-

93 697 221 731 torum
249 696 287 731 et
313 691 495 730 adfinium
536 703 648 741 opes,
688 689 831 729 multae
869 691 1085 736 clientelae,
1129 692 1256 730 omnia
1296 691 1391 731 haec
1406 700 1440 728 io

91 747 284 799 praesidio
311 747 471 786 adsunt:
497 746 591 785 mihi
621 756 708 796 spes
735 758 868 785 omnes
907 747 945 785 in
975 751 1119 786 memet
1146 747 1259 791 sitae,
1300 758 1395 798 quas

92 814 252 842 necesse
289 807 346 841 est
374 803 514 841 virtute
544 806 581 840 et
609 802 826 841 innocentia
855 802 989 841 tutari:
1023 814 1112 841 nam
1143 801 1214 840 alia
1243 802 1395 842 infirma

60 863 196 899 5sunt.
246 858 293 896 Et
313 857 406 897 illud
430 856 622 908 intellego,
655 856 831 902 Quirites,
859 858 1030 896 omnium
1052 869 1120 896 ora
1150 858 1189 895 in
1214 869 1275 896 me
1303 869 1394 896 con-

94 924 207 952 vorsa
239 924 346 958 esse,
377 924 521 963 aequos
546 912 746 963 bonosque
776 912 905 952 favere
938 935 983 940 —
1009 914 1151 964 quippe
1180 924 1267 952 mea
1295 911 1396 952 bene
1439 947 1446 953 .

97 969 196 1007 sacta
224 969 281 1007 rei
309 967 486 1018 publicae
517 968 734 1018 procedunt
763 990 832 1012 —,
864 967 1102 1007 nobilitatem
1131 968 1260 1007 locum
1291 969 1442 1007 inva-is

59 1033 80 1065 6
94 1023 208 1063 dendi
229 1035 430 1074 quaerere.
472 1021 556 1068 Quo
577 1023 670 1061 mihi
687 1024 814 1062 aerius
831 1023 1080 1062 adnitundum
1099 1028 1174 1067 est,
1196 1024 1253 1062 uti
1268 1035 1395 1075 neque

61 1090 78 1119 7
94 1091 160 1118 vos
183 1079 386 1130 capiamini
412 1083 449 1117 et
469 1078 522 1117 illi
543 1078 687 1117 frustra
706 1079 791 1117 sint.
844 1078 899 1117 Ita
926 1079 973 1117 ad
999 1079 1074 1118 hoe
1099 1079 1231 1119 aetatis
1257 1090 1279 1118 a
1299 1091 1394 1130 pue-

92 1135 178 1174 ritia
207 1134 280 1179 fui,
310 1135 366 1173 uti
397 1135 520 1172 omnis
553 1132 707 1173 labores
736 1139 773 1173 et
800 1133 971 1184 pericula
1004 1139 1186 1174 consueta
1216 1134 1393 1174 habeam.

59 1201 80 1233 8
95 1190 202 1236 Quae
221 1194 309 1229 ante
330 1194 458 1228 vostra
479 1189 656 1228 benificia
678 1191 844 1239 gratuito
867 1189 1066 1235 faciebam,
1093 1203 1137 1229 ea
1159 1191 1215 1229 uti
1237 1195 1395 1241 accepta

59 1245 275 1289 9mercede
296 1245 485 1290 deseram,
511 1256 589 1283 non
609 1249 665 1283 est
687 1244 899 1289 consilium,
926 1245 1104 1291 Quirites.
1144 1244 1222 1285 Illis
1243 1245 1443 1285 difficile„

92 1305 150 1340 est
169 1301 207 1339 in
228 1300 482 1351 potestatibus
499 1304 727 1350 temperare,
751 1301 815 1350 qui
835 1312 905 1351 per
928 1300 1176 1340 ambitionem
1199 1312 1284 1341 sese
1304 1312 1396 1352 pro-

91 1355 163 1395 bos
184 1354 435 1395 simulavere:
466 1355 574 1400 mihi,
599 1357 664 1406 qui
694 1367 847 1394 omnem
870 1360 1033 1396 aetatem
1054 1357 1093 1395 in
1117 1358 1284 1407 optumis
1305 1358 1395 1396 arti-

91 1410 166 1451 bus
191 1412 263 1460 egi‚
285 1409 386 1450 bene
407 1411 535 1450 facere
555 1411 631 1450 iam
649 1423 695 1450 ex
716 1411 995 1451 consuetudine
1015 1412 1053 1450 in
1074 1416 1251 1451 naturam
1268 1413 1393 1451 vortit.

38 1478 81 1511 10
205 1465 355 1506 Bellum
385 1478 446 1505 me
475 1477 614 1517 gerere
638 1478 725 1506 cum
747 1466 933 1517 Iugurtha
958 1467 1139 1513 iussistis,
1166 1480 1281 1519 quam
1311 1480 1394 1507 rem

92 1521 271 1561 nobilitas
296 1532 527 1571 aegerrume
558 1521 653 1561 tulit.
715 1522 886 1568 Quaeso,
930 1528 1107 1573 reputate
1138 1535 1226 1562 cum
1256 1523 1392 1563 animis
1406 1535 1439 1562 πε

92 1578 250 1622 vostris,
289 1589 382 1615 num
401 1577 439 1616 id
470 1579 611 1616 mutari
638 1576 775 1617 melius
805 1578 870 1621 sit,
904 1579 934 1617 si
967 1590 1082 1628 quem
1111 1591 1157 1617 ex
1188 1578 1251 1617 illo
1278 1577 1394 1629 globo

92 1631 299 1671 nobilitatis
321 1632 368 1671 ad
390 1632 465 1671 hoc
485 1637 550 1671 aut
571 1632 672 1671 aliud
693 1632 768 1672 tale
787 1634 985 1682 negotium
1008 1634 1174 1679 mittatis,
1198 1634 1394 1674 hominem

92 1688 231 1728 veteris
254 1689 457 1738 prosapiae
477 1699 523 1727 ac
544 1687 753 1727 multarum
773 1689 984 1738 imaginum
1002 1695 1039 1728 et
1059 1689 1200 1728 nullius
1215 1689 1394 1739 stipendi:

93 1743 237 1782 seilicet
257 1747 299 1782 ut
320 1744 357 1781 in
381 1748 484 1782 tanta
511 1755 553 1782 re
575 1744 733 1794 ignarus
754 1744 925 1783 omnium
949 1744 1113 1794 trepidet
1138 1744 1308 1789 festinet,
1329 1756 1392 1784 su-

38 1809 74 1841 11
93 1803 172 1837 mat
190 1797 356 1849 aliquem
380 1811 425 1837 ex
446 1798 590 1850 populo
606 1800 837 1838 monitorem
860 1799 960 1837 offici
987 1801 1057 1838 sui.
1089 1799 1141 1838 lta
1165 1800 1392 1851 plerumque
1407 1811 1441 1839 3ο

94 1854 230 1898 evenit,
262 1855 316 1893 uti
339 1866 454 1904 quem
476 1866 543 1892 vos
569 1855 764 1904 imperare
795 1855 981 1901 iussistis,
1021 1857 1054 1895 is
1088 1855 1200 1909 [sibi]
1226 1857 1393 1906 impera-

37 1914 216 1953 12torem
239 1908 354 1948 alium
377 1915 548 1960 quaerat.
604 1912 726 1960 Atque
758 1921 830 1959 ego
856 1910 947 1954 scio,
980 1910 1157 1956 Quirites,
1190 1912 1267 1962 qui,
1290 1916 1393 1961 post-

93 1976 207 2015 quam
236 1964 413 2004 consules
444 1965 531 2003 facti
563 1970 662 2009 sunt,
695 1969 731 2003 et
760 1971 842 2003 acta
867 1965 1055 2004 maiorum
1086 1971 1124 2005 et
1154 1966 1394 2006 Graecorum

91 2019 267 2058 militaria
292 2026 497 2071 praecepta
530 2020 658 2069 legere
685 2021 902 2070 coeperint:
935 2023 1175 2071 praeposteri
1197 2021 1391 2061 homines:

91 2087 180 2113 nam
210 2085 348 2124 gerere
381 2088 494 2126 quani
526 2076 608 2114 fieri
646 2081 821 2126 tempore
854 2077 1064 2126 posterius.
1105 2088 1147 2116 re
1178 2081 1291 2127 atque
1320 2089 1392 2116 usu
1406 2088 1439 2114 :³5

40 2138 78 2171 13
94 2131 201 2181 prius
226 2136 293 2169 est.
344 2131 558 2180 Conparate
584 2143 698 2173 nunc,
723 2132 901 2177 Quirites,
925 2143 1012 2170 cum
1036 2131 1189 2171 illorum
1213 2131 1392 2182 superbia

93 2199 154 2225 me
187 2185 384 2225 hominem
413 2198 564 2224 novom.
620 2187 724 2231 Quae
756 2186 806 2224 illi
837 2187 970 2225 audire
1001 2193 1065 2226 aut
1096 2187 1224 2236 legere
1255 2187 1391 2231 solent,

94 2253 226 2280 vorum
248 2247 397 2292 partem
428 2241 512 2285 vidi,
539 2241 607 2280 alia
640 2247 789 2291 egomet
812 2243 929 2292 gessi:
962 2254 1059 2292 quae
1088 2242 1139 2281 illi
1169 2242 1315 2285 litteris,
1349 2255 1391 2282 ea

1445 0 1537 216 ³

1529 223 1537 272 ἲ

1528 301 1537 349 i
