1537 2512
111 87 165 126 52
344 100 398 125 m:
429 99 562 125 ummo
594 98 858 125 rvovivrmxo
891 97 927 124 c.
955 92 1012 125 22.
1043 91 1100 127 23.
1131 91 1186 124 24.

73 198 280 237 4animum
310 208 425 235 suum
444 197 622 235 iniuriam
655 197 781 235 minus
811 195 999 235 tolerare:
1030 194 1289 234 Adherbalem
1317 195 1414 235 dolis

109 254 208 291 vitae
238 264 332 291 suae
361 252 599 290 insidiatum:
638 251 740 302 quod
771 250 837 290 ubi
867 251 1124 301 conperisset,
1164 249 1302 290 sceleri
1331 251 1413 290 eius

110 307 261 346 obviam
291 308 384 346 isse:
426 306 613 357 populum
643 306 861 345 Romanum
891 318 1018 356 neque
1047 310 1154 345 recte
1183 317 1312 357 neque
1340 318 1412 356 pro

109 363 212 401 bono
230 362 435 407 facturum,
460 363 491 400 si
508 362 554 400 ab
569 363 654 400 iure
674 362 844 412 gentium
864 373 948 400 sese
970 360 1231 411 prohibuerit:
1263 365 1413 410 postre-

108 430 172 456 mo
194 418 241 457 de
271 417 450 456 omnibus
471 417 589 456 rebus
613 417 760 466 legatos
784 417 946 455 Romam
967 416 1074 455 brevi
1093 415 1327 456 missurum.'
1356 416 1441 455 Ita-:2

73 474 262 525 5utrique
283 473 563 522 digrediuntur.
599 471 826 511 Adherbalis
848 471 1063 521 adpellandi
1086 472 1194 521 copia
1222 482 1301 510 non
1329 471 1411 510 suit.

43 527 96 567 23
221 528 407 578 Iugurtha
444 528 512 566 ubi
546 539 611 566 eos
649 527 777 566 Africa
812 527 1021 566 decessisse
1059 532 1166 565 ratus
1200 531 1259 565 est
1286 525 1414 577 neone

110 588 270 634 propter
291 583 366 622 loci
390 588 569 622 naturam
591 583 732 621 Cirtam
753 583 869 621 armis
894 593 1118 632 expugnare
1138 586 1283 633 potest,
1316 581 1413 620 vallo

109 643 224 690 atque
246 639 348 678 fossa
369 639 521 677 moenia
547 638 777 682 circumdat,
802 639 919 676 turris
940 638 1082 676 extruit
1104 648 1246 687 easque
1267 637 1413 686 praesi-

109 695 180 733 diis
205 695 343 739 firmat,
376 699 579 744 praeterea
599 694 679 732 dies
700 694 900 744 noctisque
928 697 994 731 aut
1021 704 1091 743 per
1121 693 1196 731 vim
1225 696 1291 731 aut
1318 691 1415 731 dolis
1428 705 1460 731 ιο

108 755 318 800 temptare,
350 749 621 789 defensoribus
647 750 845 787 moenium
867 749 1039 798 praemia
1061 748 1176 786 modo
1200 748 1315 787 modo
1336 748 1414 786 sor-

109 805 294 844 midinem
326 810 539 850 ostentare,
581 817 671 844 suos
708 804 900 842 hortando
929 804 976 843 ad
1007 804 1188 842 virtutem
1224 803 1413 853 adrigere,

77 868 274 911 2p1·0rsus
312 862 482 900 intentus
520 865 658 899 cuncta
697 871 848 911 parare.
906 858 1102 898 Adherbal
1132 858 1198 897 ubi
1232 858 1417 908 intellegit

110 917 234 954 omnis
271 928 360 955 suas
391 917 563 955 fortunas
597 917 634 954 in
666 921 838 954 extremo
877 915 987 959 sitas,
1030 915 1181 953 hostem
1219 914 1413 958 infestum,

111 971 226 1010 auxili
252 983 360 1021 spem
380 971 544 1016 nullam,
577 972 763 1021 paenuria
785 982 918 1010 rerum
942 971 1251 1009 necessariarum
1270 969 1416 1009 bellum
1430 981 1461 1008 15

111 1027 212 1066 trahi
239 1039 317 1066 non
338 1039 470 1077 posse,
504 1039 550 1066 ex
573 1028 638 1072 eis,
667 1028 730 1077 qui
755 1038 830 1065 una
855 1025 998 1064 Cirtam
1019 1025 1291 1076 profugerant,
1320 1025 1417 1064 duos

110 1094 290 1121 maxume
321 1084 494 1133 inpigros
524 1082 683 1132 delegit:
722 1093 788 1121 eos
822 1081 941 1120 multa
976 1081 1193 1131 pollicendo
1229 1092 1274 1120 ac
1302 1081 1416 1119 mise·

111 1138 233 1176 rando
263 1150 394 1177 casum
425 1149 537 1177 suum
562 1131 775 1181 confirmat,
809 1138 863 1175 nti
883 1149 953 1187 per
981 1137 1150 1176 hostium
1182 1136 1416 1175 munitiones

43 1191 95 1230 24
109 1198 227 1233 noctu
243 1194 291 1232 ad
313 1206 547 1244 proxumum
569 1205 688 1237 mare,
712 1193 799 1232 dein
827 1192 990 1231 Romam
1010 1197 1231 1243 pergerent.
1282 1191 1415 1231 Numi-

111 1248 181 1287 dae
211 1250 344 1299 paucis
371 1249 507 1288 diebus
535 1250 635 1287 iussa
667 1249 855 1288 efficiunt:
879 1247 1027 1287 litterae
1053 1246 1282 1286 Adherbalis
1299 1247 1336 1285 in
1354 1258 1462 1289 se·20

112 1309 203 1343 natu
224 1305 419 1349 recitatae,
453 1316 618 1355 quarum
639 1305 827 1343 sententia
853 1303 948 1342 haec
976 1303 1063 1342 suit:

76 1368 97 1399 2
224 1359 321 1398 ‘Non
343 1372 428 1399 mea
445 1359 556 1410 culpa
574 1371 688 1410 saepe
703 1360 750 1398 ad
771 1371 838 1397 vos
859 1364 1011 1397 oratum
1032 1359 1153 1403 mitto,
1171 1364 1300 1408 patres
1324 1369 1416 1396 con·

111 1416 256 1465 scripti,
280 1420 338 1455 set
358 1417 412 1454 vis
441 1415 651 1465 Iugurthae
677 1415 837 1465 subigit,
866 1426 981 1465 quem
1003 1419 1107 1452 tanta
1127 1413 1258 1452 lubido
1296 1414 1416 1452 extin-

111 1471 254 1522 guendi
284 1483 346 1510 me
377 1472 523 1516 invasit,
556 1476 596 1510 ut
626 1483 751 1522 neque
784 1482 850 1508 vos
880 1482 1005 1520 neque
1034 1470 1126 1508 deos
1143 1468 1357 1508 inmortalis
1377 1469 1415 1507 in

75 1535 96 1566 3
113 1527 238 1564 animo
261 1526 414 1571 habeat,
436 1527 665 1576 sanguinem
686 1538 815 1565 meum
839 1537 954 1576 quam
977 1526 1103 1563 onmia
1124 1524 1243 1564 malit.
1282 1523 1460 1575 ltaque25

112 1583 289 1633 quintum
304 1583 378 1620 iam
395 1594 571 1621 mensem
594 1583 723 1620 socius
739 1586 776 1620 et
802 1581 948 1620 amicus
968 1580 1101 1630 populi
1117 1580 1280 1620 Romani
1301 1580 1418 1618 armis

113 1636 293 1676 obsessus
313 1642 462 1682 teneor,
488 1649 615 1687 neque
635 1637 728 1675 mihi
750 1637 930 1687 Micipsae
954 1637 1073 1686 patris
1115 1637 1190 1674 mei
1240 1635 1416 1674 benificia

112 1704 238 1743 neque
270 1697 396 1731 vostra
421 1693 575 1731 decreta
597 1692 848 1731 auxiliantur:
873 1691 977 1729 ferro
1006 1703 1052 1730 an
1079 1691 1180 1729 same
1201 1691 1329 1730 acrius
1351 1703 1416 1729 ur-

75 1755 231 1797 4guear
255 1749 427 1787 incertus
448 1760 544 1787 sum.
581 1748 697 1786 Plura
722 1748 769 1786 de
791 1746 974 1797 Iugurtha
995 1746 1168 1785 scribere
1189 1746 1416 1785 dehortatur

111 1815 173 1842 me
204 1803 358 1842 fortuna
389 1815 494 1843 mea:
527 1808 564 1843 et
593 1805 668 1842 iam
698 1810 809 1842 autea
840 1807 1023 1853 expertus
1052 1813 1138 1840 sum
1160 1814 1297 1852 parum
1328 1801 1462 1845 lideiao

76 1859 262 1898 biniseris
292 1871 387 1897 esse.
444 1859 524 1898 Nisi
553 1864 680 1898 tamen
712 1858 891 1909 intellego
917 1857 1022 1896 illum
1052 1869 1169 1908 supra
1199 1869 1314 1908 quam
1344 1868 1416 1908 ego

112 1926 197 1953 sum
215 1919 359 1964 petere,
376 1927 503 1965 neque
519 1914 631 1953 simul
648 1916 851 1953 amicitiam
870 1918 1037 1952 vostram
1054 1918 1092 1952 et
1107 1925 1271 1963 regnum
1287 1924 1415 1952 meum

112 1981 283 2019 sperare.
344 1971 480 2009 Utrum
509 1971 661 2020 gravius
693 1971 914 2013 existumet,
944 1970 1088 2007 nemini
1119 1968 1314 2007 occultum
1345 1975 1414 2007 est.

77 2032 99 2064 6
114 2025 209 2064 Nam
227 2025 333 2063 initio
351 2025 491 2064 occidit
507 2025 778 2075 Hiempsalem,
798 2026 956 2063 fratrem
974 2037 1115 2067 mcum,
1137 2024 1275 2063 deinde
1291 2025 1415 2074 patrio

113 2092 235 2131 regno
251 2092 313 2119 me
331 2081 494 2131 expulit:
513 2094 611 2131 qnae
627 2093 719 2120 sane
737 2082 880 2120 suerint
896 2086 1050 2118 nostrae
1068 2081 1241 2124 iniuriae,
1258 2078 1351 2118 nihil
1367 2079 1413 2117 ad
1428 2089 1462 2117 35

78 2146 97 2176 7
114 2148 191 2175 vos.
238 2135 379 2174 Verum
404 2148 508 2174 nune
532 2142 701 2175 vostrum
726 2148 890 2186 regnum
912 2137 1029 2174 arinis
1051 2140 1172 2177 tenet.
1195 2147 1277 2178 me.
1300 2147 1415 2185 quem

113 2204 179 2230 vos
200 2192 662 2242 imperatoremNumidis
682 2193 874 2243 posuistis,
907 2191 1079 2230 clausum
1113 2190 1280 2228 obsidet:
1311 2189 1414 2241 lega-

81 2254 242 2287 storum
273 2247 387 2286 verba
421 2249 551 2298 quanti
584 2248 717 2286 fecerit
746 2246 915 2297 pericula
946 2259 1028 2285 mea
1062 2245 1268 2284 declarant.
1316 2245 1416 2292 Quid
