1537 2512
116 87 169 128 36
268 99 325 125 m:
356 95 587 125 CATILINAE,
619 94 936 123 CONIVRATIONE
969 93 1006 121 c.
1036 89 1091 123 59.
1122 87 1180 122 60-
1209 86 1267 122 61-

117 197 310 241 militaris,
337 195 439 246 quod
461 193 626 244 amplius
648 205 770 234 annos
789 194 944 243 triginta
963 191 1143 231 tribunus
1162 195 1228 231 aut
1246 190 1422 243 praefec-

117 260 178 293 tus
210 257 276 291 aut
303 251 453 301 legatus
481 254 547 289 aut
567 254 724 301 praetor
755 261 842 288 cum
874 259 1013 298 magna
1041 247 1162 297 gloria
1182 248 1222 286 in
1250 247 1423 286 exercitu

119 309 255 352 fuerat,
285 307 492 357 plerosque
522 307 626 355 ipsos
655 305 832 355 factaque
863 315 998 343 eorum
1025 302 1138 341 fortia
1168 306 1348 342 noverat:
1379 313 1422 342 ea

120 361 448 403 conmemorando
474 361 636 399 militum
666 361 813 399 animos
842 357 1094 398 adcendebat.

53 421 104 459 60
230 419 297 457 Set
317 416 384 456 ubi
405 416 584 455 omnibus
606 416 724 455 rebus
741 415 946 466 exploratis
962 415 1137 453 Petreius
1157 412 1250 452 tuba
1271 413 1423 462 signum
1437 425 1452 450 5

123 473 206 517 dat,
235 472 405 511 cohortis
434 471 618 521 paulatim
642 471 823 510 incedere
852 470 978 514 iubet,
1011 469 1112 508 idem
1140 468 1230 507 facit
1256 467 1425 506 hostium

85 528 325 568 2exercitus.
379 526 590 578 Postquam
616 539 661 566 eo
688 531 842 566 ventum
875 530 950 570 est,
983 524 1086 564 unde
1116 523 1176 576 [a]
1207 523 1426 562 ferentariis

121 583 312 634 proelium
333 583 506 621 conmitti
523 587 664 632 posset,
676 593 859 621 maxumo
876 581 1046 620 clamore
1062 578 1426 631 [cum]infestissig-

87 646 107 680 3
122 640 181 678 nis
201 642 455 677 concurrunt:
475 637 550 688 pila
573 639 765 681 omittunt,
789 636 923 685 gladiis
947 646 1010 673 res
1031 636 1190 684 geritur.
1234 633 1426 677 Veterani,

122 694 307 744 pristinae
335 694 486 732 virtutis
516 704 729 736 memores,
763 692 978 730 comminus
1006 691 1147 729 acriter
1174 693 1336 733 instare,
1374 688 1473 730 illim

87 749 217 790 4haut
239 749 359 788 timidi
379 750 581 788 resistunt:
607 759 786 786 maxuma
813 748 849 785 vi
870 751 1051 785 certatur.
1094 745 1245 784 Interea
1269 744 1427 784 Catilina

124 817 214 844 cum
228 804 415 855 expeditis
430 805 468 843 in
485 805 609 854 prima
626 805 706 842 acie
722 803 880 846 vorsari,
899 800 1166 840 laborantibus
1180 812 1426 844 succurrere,

123 862 296 910 integros
324 872 396 910 pro
427 860 565 898 sauciis
596 870 818 902 accersere,
850 858 974 896 onmia
1007 857 1233 907 providere,
1265 855 1429 895 multum

124 917 206 967 ipse
235 926 431 966 pugnare,
462 926 577 964 saepe
602 914 754 954 hostem
780 914 918 952 ferire:
949 913 1097 952 strenui
1125 912 1254 952 militis
1278 917 1316 951 et
1338 911 1432 950 boni

89 980 110 1012 5
127 973 376 1021 imperatoris
397 972 524 1010 officia
543 970 657 1009 simul
695 968 972 1019 exequebatur.
1030 969 1205 1007 Petreius
1233 967 1303 1007 ubi
1328 967 1430 1006 videt
1445 982 1475 1008 15

127 1025 340 1071 Catilinam,
365 1030 498 1064 contra
518 1037 562 1064 ac
584 1031 690 1064 ratus
705 1031 798 1068 erat,
822 1035 961 1074 magna
983 1025 1017 1062 vi
1038 1024 1211 1068 tendere,
1231 1023 1432 1063 cohortem

126 1083 361 1131 praetoriam
380 1082 418 1120 in
436 1081 582 1120 medios
597 1081 717 1120 hostis
734 1081 879 1120 inducit
895 1091 1038 1131 eosque
1054 1079 1303 1130 perturbatos
1319 1084 1433 1130 atque

128 1136 222 1176 alios
242 1136 331 1176 alibi
353 1138 564 1176 resistentis
584 1137 779 1179 interficit,
807 1135 946 1175 deinde
965 1137 1160 1186 utrimque
1184 1148 1229 1174 ex
1247 1134 1434 1174 lateribus

93 1203 115 1236 6
131 1199 282 1232 ceteros
305 1192 541 1242 adgreditur.
591 1192 754 1231 Manlius
785 1198 822 1232 et
850 1191 1088 1230 Faesulanus
1113 1192 1152 1230 in
1178 1192 1311 1241 primis
1336 1200 1433 1241 pug-

92 1258 112 1288 7
129 1252 263 1287 nantes
294 1248 447 1287 cadunt.
490 1247 647 1286 Catilina
674 1253 879 1298 postquam
907 1247 1011 1285 fusas
1040 1248 1170 1297 copias
1196 1258 1315 1297 seque
1345 1257 1436 1285 cum
1447 1260 1480 1285 ἰο

127 1304 262 1353 paucis
293 1302 470 1342 relictum
497 1304 609 1347 videt,
634 1315 782 1342 memor
811 1303 963 1353 generis
991 1308 1105 1354 atque
1131 1304 1314 1352 pristinae
1342 1313 1434 1340 suae

130 1359 342 1408 dignitatis,
375 1360 411 1397 in
438 1359 753 1398 confertissumos
773 1359 893 1397 hostis
919 1359 1081 1397 incurrit
1104 1358 1232 1410 ibique
1258 1368 1435 1409 pugnans

131 1414 362 1453 confoditur.

64 1474 107 1513 61
242 1470 308 1509 Set
327 1470 504 1509 confecto
520 1469 667 1520 proelio
685 1475 768 1508 tum
788 1482 878 1508 vero
896 1481 1090 1513 cerneres,
1114 1475 1255 1520 quanta
1277 1468 1435 1507 audacia

98 1542 117 1572 2
132 1531 353 1578 quantaque
382 1526 498 1564 animi
517 1527 572 1564 vis
591 1525 725 1565 suisset
744 1527 781 1564 in
805 1527 977 1565 exercitu
998 1525 1191 1564 Catilinae.
1235 1524 1331 1564 Nam
1354 1524 1480 1565 serezs

133 1593 248 1634 quem
278 1582 441 1631 quisque
468 1582 575 1619 vivos
602 1582 810 1631 pugnando
831 1581 958 1620 locum
980 1585 1155 1631 ceperat,
1185 1592 1274 1620 eum
1297 1580 1436 1619 amissa

99 1652 119 1685 3
133 1638 259 1677 anima
286 1648 452 1687 corpore
472 1636 638 1686 tegebat.
688 1636 805 1675 Pauci
828 1640 977 1681 autem,
1010 1648 1107 1688 quos
1126 1636 1273 1676 medios
1295 1635 1436 1674 cohors

133 1693 326 1743 praetoria
355 1693 574 1737 disiecerat,
602 1692 716 1742 paulo
746 1693 935 1731 divorsius
961 1695 1037 1731 alis
1063 1693 1158 1731 alibi
1185 1696 1349 1736 stantes,
1379 1695 1438 1730 set

99 1758 119 1788 4
136 1760 269 1788 omnes
288 1753 416 1787 tamen
442 1748 612 1787 advorsis
630 1747 850 1787 volneribus
871 1748 1130 1787 conciderant.
1164 1747 1321 1787 Catilina
1346 1758 1436 1786 vero

135 1804 249 1854 longe
278 1816 298 1843 a
329 1805 407 1843 suis
430 1804 530 1842 inter
554 1803 720 1842 hostium
742 1804 926 1843 cadavera
946 1810 1125 1854 repertus
1141 1808 1209 1846 est,
1238 1801 1438 1854 paululum
1450 1815 1483 1841 30

137 1860 250 1899 etiam
271 1860 421 1909 spirans
444 1860 703 1909 ferociamque
725 1860 857 1902 animi.
890 1871 1004 1909 quam
1026 1859 1215 1899 habuerat
1242 1860 1366 1903 vivos,
1399 1859 1438 1897 in

103 1915 240 1957 5voltu
271 1916 453 1954 retinens.
509 1915 710 1953 Postremo
738 1928 782 1954 ex
808 1917 912 1953 omni
944 1916 1052 1964 copia
1079 1927 1205 1966 neque
1227 1915 1263 1953 in
1289 1913 1437 1964 proelio

103 1979 264 2021 Gneque
288 1971 323 2008 in
347 1970 434 2021 suga
452 1969 654 2021 quisquam
677 1972 766 2009 civis
783 1972 972 2020 ingenuus
993 1976 1127 2021 captus
1144 1975 1219 2010 est:
1239 1971 1290 2009 ita
1310 1970 1437 2009 cuncti

106 2036 127 2067 7
142 2037 234 2065 suae
257 2026 499 2076 hostiumque
520 2027 616 2065 vitae
641 2027 742 2065 iuxta
766 2031 1031 2077 pepercerant.
1072 2025 1206 2077 Neque
1226 2031 1355 2065 tamen
1373 2037 1437 2065 ex·

139 2082 283 2121 ercitus
299 2080 602 2131 populiRomani
620 2081 756 2120 laetam
770 2088 834 2121 aut
850 2083 1090 2121 incruentam
1107 2082 1304 2121 victoriam
1320 2081 1438 2131 adep·
1451 2095 1484 2121 ³5

140 2142 202 2176 tus
222 2142 323 2176 erat:
345 2149 433 2176 nam
457 2138 759 2177 strenuissumus
783 2139 943 2188 quisque
963 2143 1029 2177 aut
1049 2137 1242 2176 occiderat
1265 2137 1303 2175 in
1324 2147 1438 2187 proe-

106 2192 210 2238 elio,
242 2198 307 2231 aut
326 2195 493 2241 graviter
521 2192 740 2232 volneratus
771 2194 1010 2232 discesserat.
1067 2192 1174 2232 Multi
1202 2197 1342 2237 autem,
1374 2192 1438 2243 qui

145 2262 163 2286 e
184 2249 318 2288 castris
338 2249 484 2287 visundi
507 2254 572 2287 aut
594 2249 779 2299 spoliandi
797 2251 915 2299 gratia
939 2254 1225 2299 processerant,
1247 2247 1441 2287 volventes
