1537 2512
291 108 348 134 m:
379 107 606 134 eam-namu:
638 107 956 135 comvnxrxom:
987 108 1022 135 c.
1051 103 1109 138 58.
1139 101 1197 138 59.
1337 99 1388 138 35

94 204 218 244 Licuit
238 204 345 244 vobis
362 217 450 243 cum
466 215 614 243 summa
631 205 866 255 turpitudine
883 207 921 244 in
946 205 1056 245 exilio
1077 211 1240 247 aetatem
1260 219 1388 258 agere,
1405 216 1447 250 13

93 260 267 310 potuistis
286 259 461 298 nonnulli
490 259 635 299 Romae
657 262 804 299 amissis
832 261 944 300 bonis
964 261 1107 301 alienas
1129 275 1221 314 opes
1252 275 1389 314 expec-

91 321 194 354 tare:
216 315 303 365 quia
321 314 382 354 illa
398 315 508 354 foeda
525 319 639 366 atque
659 315 898 356 intoleranda
919 317 1006 355 viris
1028 317 1266 364 videbantur,
1289 318 1387 359 haec
1406 330 1446 362 Η

93 370 202 421 sequi
232 370 465 409 decrevistis.
509 369 548 409 Si
577 370 674 409 haec
700 371 920 422 relinquere
949 371 1071 417 voltis,
1102 373 1260 412 audacia
1290 386 1387 425 opus
1403 383 1444 416 15

39 430 170 464 ‚sestz
200 437 315 465 nemo
342 427 415 464 nisi
438 426 558 464 victor
580 437 675 476 pace
700 425 844 466 bellum
873 429 1043 466 mutavit.
1104 428 1200 467 Nam
1229 431 1264 467 in
1296 429 1387 479 suga
1404 437 1444 471 16

89 478 251 520 salutem
272 493 442 531 sperare,
468 493 555 519 cum
572 493 690 525 arma,
712 481 851 532 quibus
869 494 1010 533 corpus
1030 484 1183 533 tegitur,
1207 484 1253 522 al)
1269 484 1387 523 hosti-

88 534 162 574 bus
182 537 378 579 avorteris,
410 548 454 575 ea
482 548 574 575 vero
597 537 786 576 dementia
810 542 877 577 est.
919 537 1080 588 Semper
1104 540 1139 577 in
1163 539 1310 589 proelio
1334 540 1388 578 eis
1401 544 1442 576 17

88 602 311 630 maxumum
336 597 393 630 est
415 591 646 641 periculum,
663 593 726 643 qui
755 605 933 632 maxume
960 594 1106 632 timent:
1127 595 1282 633 audacia
1314 606 1385 645 pro

87 658 200 686 muro
221 646 398 686 habetur.

44 714 74 740 ιο
200 701 294 741 Cum
337 714 404 741 vos
441 703 664 747 considero,
712 702 867 745 milites,
914 708 950 742 et
991 715 1078 742 cum
1117 704 1214 742 sacta
1257 709 1383 743 vostra
1400 711 1441 744 18

85 763 271 802 aestumo,
297 768 436 807 magna
459 770 519 797 me
542 770 629 808 spes
651 758 829 796 victoriae
851 763 965 797 tenet.
1005 760 1164 798 Animus
1185 764 1288 798 aetas
1309 760 1383 798 vir·
1401 764 1442 797 19

86 818 148 852 tus
169 818 297 852 vostra
315 825 378 852 me
398 812 618 857 hortantur,
642 818 843 863 praeterea
865 814 1122 858 necessitudo,
1148 826 1245 865 quae
1271 816 1384 854 etiam

83 869 238 908 timidos
257 868 366 907 fortis
387 868 488 908 facit.
515 868 612 907 Nam
628 868 831 907 multitudo
851 868 1019 908 hostium
1038 880 1086 908 ne
1104 871 1383 910 circumvenire
1397 875 1441 909 20

84 929 210 975 queat,
232 923 440 974 prohibent
464 925 660 973 angustiae
682 923 768 962 loci.
809 922 919 968 Quod
939 925 969 962 si
991 925 1117 963 virtuti
1140 930 1288 964 vostrae
1306 925 1383 964 sor·
1396 934 1434 965 21

40 986 174 1018 istuna
205 979 401 1024 inviderit,
432 984 580 1023 cavete,
612 978 722 1018 inulti
749 980 914 1018 animam
947 981 1143 1022 amittatis,
1176 993 1249 1019 neu
1283 981 1384 1031 capti

83 1035 210 1086 potius
231 1036 341 1074 sicuti
360 1047 503 1085 pecora
521 1035 783 1078 trucidemini,
817 1046 932 1084 quam
961 1035 1131 1073 virorum
1153 1048 1260 1074 more
1285 1047 1383 1085 pug-

81 1095 218 1130 nantes
248 1096 447 1130 cruentam
469 1095 582 1141 atque
610 1090 823 1128 luctuosam
850 1091 1044 1128 victoriam
1068 1090 1242 1129 hostilius
1265 1091 1382 1130 relin-

82 1144 230 1197 quatis.'

191 1201 296 1240 Haec
323 1200 391 1240 ubi
415 1200 518 1245 dixit,
540 1200 740 1251 paululum
763 1205 1010 1240 conmoratus
1037 1202 1142 1251 signa
1165 1212 1303 1239 canere
1325 1202 1382 1239 iu-
1395 1204 1447 1243 59

36 1270 69 1296 20
82 1256 148 1296 bet
168 1261 282 1307 atque
303 1257 510 1295 instructos
534 1257 688 1295 ordines
713 1257 749 1294 in
774 1256 901 1294 locum
926 1268 1060 1296 aecum
1082 1256 1246 1295 deducit.
1284 1256 1380 1295 Dein

81 1313 240 1351 remotis
271 1312 442 1350 omnium
474 1313 600 1362 equis,
643 1324 718 1363 quo
750 1311 933 1350 militibus
966 1317 1178 1363 exaequato
1207 1311 1380 1361 periculo

82 1369 232 1406 animus
262 1366 424 1418 amplior
446 1372 556 1411 esset,
587 1369 667 1417 ipse
691 1367 809 1417 pedes
836 1368 1046 1406 exercitum
1067 1379 1139 1418 pro
1158 1366 1244 1405 loco
1265 1371 1381 1417 atque

83 1424 200 1474 copiis
220 1423 384 1461 instruit.
423 1422 519 1461 Nam
556 1423 612 1461 uti
631 1421 806 1473 planities
827 1427 909 1461 erat
928 1423 1028 1461 inter
1045 1423 1219 1460 sinistros
1240 1422 1380 1460 montis
1395 1433 1414 1462 2

82 1484 118 1518 et
140 1477 186 1518 ab
210 1478 344 1517 dextra
365 1488 462 1527 rupe
485 1488 634 1528 aspera.
660 1482 746 1516 octo
772 1477 940 1515 cohortis
962 1478 1000 1515 in
1021 1476 1148 1516 fronte
1169 1477 1375 1521 constituit,

32 1549 63 1575 2⁵
79 1533 312 1573 relicuarum
333 1533 441 1582 signa
463 1533 501 1571 in
523 1532 693 1571 subsidio
717 1533 836 1571 artius
862 1531 1055 1571 conlocat:
1087 1532 1134 1571 ab
1160 1533 1214 1571 eis
1244 1535 1376 1571 centu·
1391 1543 1412 1576 3

78 1590 208 1628 riones
229 1589 352 1628 omnis
371 1587 492 1627 lectos
513 1593 549 1628 et
575 1592 763 1631 evocatos,
788 1592 990 1638 praeterea
1007 1600 1052 1626 ex
1074 1588 1261 1637 gregariis
1279 1586 1377 1626 mili-

77 1644 180 1684 tibus
201 1649 400 1695 optumum
421 1655 612 1694 quemque
635 1648 823 1682 armatum
846 1644 883 1681 in
904 1643 1068 1693 primam
1088 1644 1206 1682 aciem
1232 1642 1378 1682 subdu-

79 1701 139 1739 cit.
179 1701 223 1740 G.
242 1698 424 1738 Manlium
445 1700 483 1737 in
506 1699 650 1743 dextra,
674 1698 931 1738 Faesulanum
952 1698 1144 1748 quendam
1164 1699 1201 1736 in
1225 1699 1377 1736 sinistra

78 1761 189 1807 parte
219 1766 358 1794 curare
382 1753 509 1793 iubet:
535 1756 615 1805 ipse
642 1766 729 1793 cum
757 1753 904 1792 libertis
929 1759 965 1792 et
996 1753 1194 1792 calonibus
1216 1758 1377 1803 propter

31 1824 64 1850 so
78 1810 243 1862 aquilam
268 1809 424 1855 adsistit,
447 1821 561 1861 quam
586 1809 687 1848 bello
711 1809 902 1848 Cimbrico
920 1810 963 1848 G.
982 1809 1124 1847 Marius
1145 1809 1182 1846 in
1207 1809 1375 1847 exercitu

76 1866 256 1906 habuisse
279 1865 490 1904 dicebatur.

189 1922 236 1961 At
266 1933 312 1960 ex
343 1920 462 1959 altera
486 1925 595 1971 parte
617 1921 660 1960 G.
685 1920 888 1963 Antonius,
920 1918 1083 1969 pedibus
1113 1929 1229 1968 aeger
1273 1919 1412 1970 qu0d4

76 1976 226 2029 proelio
248 1976 381 2015 adesse
411 1975 613 2027 nequibat,
645 1975 693 2013 Μ.
722 1975 873 2014 Petreio
903 1974 1030 2023 legato
1055 1975 1266 2013 exercitum
1287 1985 1377 2025 per-

77 2034 201 2072 mittit.
231 2031 297 2071 Ille
319 2031 485 2070 cohortis
506 2035 716 2074 veteranas,
741 2041 835 2080 quas
860 2029 1015 2069 tumulti
1037 2042 1153 2070 causa
1180 2030 1375 2079 conscrip-
1390 2036 1410 2067 5

32 2102 64 2129 35
78 2093 193 2133 serat,
210 2089 248 2126 in
264 2087 402 2131 fronte,
420 2091 577 2137 posteas
595 2090 765 2125 ceterum
783 2086 992 2123 exercitum
1007 2085 1044 2123 in
1062 2085 1238 2123 subsidiis
1255 2085 1374 2123 locat:

78 2145 159 2195 ipse
176 2155 274 2194 equo
297 2143 526 2181 circumiens
540 2152 855 2191 unumquemque
879 2141 1078 2179 nominans
1100 2139 1264 2190 adpellat
1284 2140 1375 2178 hor-

78 2205 181 2238 tatur
203 2202 332 2248 rogat,
359 2203 402 2237 ut
422 2197 667 2237 meminerint
689 2208 730 2235 se
752 2200 884 2234 contra
906 2195 1076 2234 latrones
1096 2196 1272 2240 inermis,
1302 2207 1373 2245 pro

81 2255 201 2305 patria
222 2265 293 2304 pro
321 2252 475 2297 liberis,
506 2264 576 2303 pro
599 2253 674 2291 aris
695 2256 808 2302 atque
831 2250 925 2289 focis
946 2251 1024 2289 suis
1046 2254 1207 2290 certare.
1248 2251 1406 2293 Homoss

1112 2317 1164 2352 ‘3ss
