1537 2512
415 105 471 131 m:
501 105 636 132 nmmo
668 104 903 132 lvGVRTmO
933 104 967 131 c.
997 100 1054 134 31.
1332 97 1385 135 57

87 203 188 253 pisse
204 212 341 252 parum
358 200 542 245 habuere,
563 202 689 251 itaque
710 206 906 251 postremo
926 203 1031 252 leges
1051 204 1229 242 maiestas
1245 210 1384 251 vostra,

89 257 211 296 divina
240 261 278 296 et
303 256 468 295 humana
489 257 616 295 omnia
640 256 815 295 hostibus
837 258 975 296 tradita
997 264 1097 297 sunt.
1144 258 1278 310 Neque
1304 272 1382 305 eos,
1401 261 1444 294 10

88 313 153 363 qui
170 323 214 351 ea
233 311 373 356 fecere,
392 311 510 361 pudet
529 317 593 350 aut
607 313 785 362 paenitet,
807 318 864 351 set
882 313 1148 363 inceduntper
1169 326 1237 353 ora
1257 322 1386 354 vostra

87 367 301 417 magnifici,
340 367 552 406 sacerdotia
584 373 621 406 et
652 366 889 413 consulatus,
928 379 1019 418 pars
1047 369 1265 419 triumphos
1295 382 1386 409 suos

59 437 74 461 5
89 427 340 462 ostentantes:
365 422 526 472 proinde
551 423 658 472 quasi
681 434 724 460 ea
744 423 895 468 honori,
922 435 1000 462 non
1022 425 1185 474 praedas
1205 424 1384 464 habeant.

89 477 196 516 Servi
216 489 306 516 aere
327 478 449 527 parati
464 478 601 516 iniusta
611 478 774 528 imperia
790 478 1035 518 dominorum
1060 491 1137 517 non
1160 481 1384 530 perferunt:
1400 483 1440 515 11

88 545 172 577 vos,
195 533 380 579 Quirites,
395 534 436 571 in
451 533 616 583 imperio
633 534 728 576 nati,
753 545 877 584 aequo
899 535 1026 572 animo
1047 536 1271 574 servitutem
1293 535 1386 575 tole·

87 589 203 627 ratis?

202 644 247 681 At
266 645 329 695 qui
350 647 439 682 sunt
461 643 580 693 ei,qui
600 655 681 681 rem
704 643 897 692 publicam
912 646 1175 695 occupavere?
1201 645 1385 685 Homines
1401 651 1444 683 12

44 712 76 738 ιο
89 699 398 743 sceleratissumi,
419 699 587 737 cruentis
607 698 806 742 manibus,
841 701 985 738 inmani
1005 701 1172 744 avaritia,
1193 703 1386 739 nocentis-

89 755 188 794 sumi
205 759 242 794 et
257 755 381 794 eidem
401 753 698 803 superbissumi,
730 754 870 804 quibus
891 755 985 794 fides
1002 755 1120 794 decus
1140 756 1386 806 pietas,post-

88 822 197 849 remo
226 810 388 849 honesta
418 816 531 859 atque
557 808 759 847 inhonesta
784 811 911 848 omnia
933 811 1109 860 quaestui
1135 815 1236 849 sunt.
1293 810 1387 849 Pars
1404 814 1444 847 13

90 877 225 905 eorum
254 865 440 904 occidisse
469 864 646 902 tribunos
671 863 816 914 plebei,
849 865 910 903 alii
942 866 1186 915 quaestiones
1216 867 1386 909 iniustas,

88 921 263 971 plerique
290 920 446 960 caedem
468 921 507 958 in
526 931 594 957 vos
619 920 756 958 fecisse
775 931 847 970 pro
868 922 1107 959 munimento
1131 920 1287 959 habent.
1332 921 1386 959 Ita
1402 928 1444 960 14

43 987 75 1014 15
90 989 203 1028 quam
225 978 386 1028 quisque
404 986 584 1026 pessume
604 974 705 1019 fecit,
722 980 801 1013 tam
816 987 996 1014 maxume
1014 981 1118 1014 tutus
1143 981 1220 1014 est:
1241 981 1387 1015 metum

89 1032 136 1071 ab
157 1031 304 1071 scelere
321 1043 391 1070 suo
413 1031 460 1069 ad
483 1031 672 1080 ignaviam
691 1035 859 1069 vostram
880 1030 1132 1069 transtulere:
1152 1042 1248 1081 quos
1264 1033 1388 1069 omnis

90 1087 223 1127 eadem
262 1098 424 1137 cupere,
456 1087 590 1125 eadem
631 1086 756 1124 odisse
788 1085 941 1137 [eadem
977 1085 1170 1138 metuere]
1201 1087 1239 1124 in
1267 1098 1388 1125 unum

90 1144 227 1192 coegit.
258 1141 324 1181 Set
343 1142 438 1181 haec
458 1143 557 1180 inter
578 1141 702 1179 bonos
726 1142 901 1185 amicitia,
924 1142 1024 1179 inter
1040 1140 1160 1179 malos
1185 1141 1297 1179 factio
1315 1147 1383 1180 est.
1404 1146 1445 1179 15

92 1198 203 1244 Quod
241 1199 272 1236 si
300 1202 378 1236 tam
405 1209 472 1236 vos
494 1197 685 1236 libertatis
716 1208 848 1235 curam
877 1196 1082 1240 haberetis,
1117 1208 1232 1246 quam
1263 1196 1315 1234 illi
1342 1197 1388 1235 ad
1404 1201 1446 1234 16

45 1267 78 1294 20
92 1254 392 1292 dominationem
423 1252 578 1291 adcensi
608 1257 717 1296 sunt,
756 1252 932 1301 profecto
963 1263 1091 1301 neque
1126 1263 1190 1290 res
1221 1251 1387 1301 publica,

91 1310 201 1348 sicuti
231 1320 347 1352 nunc,
378 1312 603 1351 vastaretur,
633 1308 670 1346 et
698 1307 874 1346 benificia
897 1311 1024 1345 vostra
1046 1318 1166 1357 penes
1196 1312 1387 1355 optumos,

90 1376 169 1403 non
200 1364 487 1403 audacissumos
515 1363 655 1401 forent.
712 1362 876 1400 Maiores
904 1363 1022 1400 vostri
1050 1362 1210 1411 parandi
1239 1363 1333 1400 iuris
1353 1366 1390 1400 et
1403 1367 1445 1399 1⁷

91 1420 296 1458 maiestatis
324 1418 612 1457 constituendae
642 1418 762 1466 gratia
792 1417 851 1455 bis
876 1428 945 1466 per
967 1417 1225 1455 secessionem
1254 1414 1390 1455 armati

91 1475 319 1514 Aventinum
340 1485 589 1523 occupavere,
614 1483 681 1510 vos
699 1483 771 1522 pro
792 1471 987 1516 libertate,
1019 1483 1133 1522 quam
1163 1471 1208 1509 ab
1235 1471 1307 1509 illis
1328 1483 1390 1510 ac-

46 1544 78 1570 25
94 1531 266 1580 cepistis,
295 1540 424 1567 nonne
456 1539 604 1567 summa
629 1539 702 1577 ope
730 1527 930 1566 nitemini?
960 1531 1074 1577 atque
1105 1538 1151 1564 eo
1181 1526 1390 1565 vehemen-

93 1587 179 1630 tius,
213 1597 288 1636 quo
316 1585 439 1622 mains
466 1584 634 1622 dedecus
660 1587 717 1621 est
743 1587 852 1632 parta
883 1582 1070 1626 amittere,
1096 1592 1211 1631 quam
1233 1582 1390 1619 omnino

93 1652 171 1679 non
202 1640 407 1690 paravisse.

205 1695 313 1734 Dicet
329 1694 485 1745 aliquis:
506 1693 604 1739 Quid
628 1694 743 1742 igitur
767 1693 924 1731 censes?
953 1691 1232 1730 Vindicandum
1253 1692 1291 1729 in
1311 1703 1388 1736 eos,
1405 1701 1450 1733 18

95 1753 159 1802 qui
180 1750 281 1789 hosti
302 1749 509 1801 prodidere
538 1760 621 1787 rem
651 1747 873 1798 publicam?
930 1747 1016 1786 Non
1041 1757 1157 1784 manu
1186 1757 1313 1796 neque
1342 1747 1391 1790 vi,

49 1819 82 1845 30
95 1806 198 1857 quod
227 1807 348 1855 magis
393 1817 460 1845 vos
489 1806 629 1844 fecisse
671 1816 785 1854 quam
806 1802 877 1840 illis
899 1802 1082 1840 accidisse
1103 1801 1303 1850 indignum
1323 1806 1392 1844 est,

95 1873 229 1900 verum
260 1859 547 1911 quaestionibus
584 1864 622 1897 et
658 1859 797 1897 indicio
837 1858 955 1906 ipsius
983 1855 1203 1904 Iugurthae.
1264 1855 1337 1901 Qui
1362 1857 1393 1893 si
1409 1861 1451 1894 19

97 1916 295 1955 dediticius
325 1920 400 1959 est,
433 1913 608 1965 profecto
629 1914 739 1952 iussis
760 1913 897 1951 vostris
925 1911 1134 1950 oboediens
1154 1911 1238 1954 erit,
1269 1911 1328 1948 sIn
1350 1922 1394 1949 ea

99 1976 331 2015 contemnet,
361 1970 506 2008 scilicet
528 1968 814 2011 existumabitis,
847 1966 968 2017 qualis
987 1966 1047 2004 illa
1066 1977 1140 2015 pax
1162 1970 1226 2004 aut
1253 1964 1394 2004 deditio

98 2028 163 2072 sit,
195 2039 242 2065 ex
273 2037 347 2076 qua
377 2025 424 2064 ad
454 2024 679 2073 Iugurtham
709 2023 899 2061 scelerum
930 2021 1141 2071 inpunitas,
1174 2020 1222 2058 ad
1251 2031 1396 2070 paucos

51 2097 85 2122 35
98 2082 264 2133 potentis
293 2092 494 2120 maxumae
524 2080 694 2122 divitiae,
726 2079 772 2116 ad
792 2089 875 2116 rem
898 2076 1090 2127 publicam
1113 2075 1250 2113 damna
1281 2080 1395 2125 atque

100 2137 289 2176 dedecora
319 2136 577 2187 pervenerint.
620 2133 699 2172 Nisi
722 2133 820 2171 sorte
846 2132 1018 2170 nondum
1047 2132 1161 2170 etiam
1187 2141 1255 2168 vos
1275 2129 1395 2168 domi·
1409 2137 1453 2170 20

99 2193 262 2231 nationis
282 2203 418 2231 eorum
434 2191 586 2229 satietas
609 2193 714 2228 tenet
734 2194 771 2227 et
790 2187 850 2226 illa
872 2199 986 2237 quam
1008 2186 1103 2224 haec
1122 2191 1298 2235 tempora
1317 2196 1397 2222 ma-

103 2249 159 2297 gis
178 2246 350 2299 placent,
382 2258 470 2286 cum
491 2256 610 2295 regna
632 2244 862 2295 provinciae,
888 2242 992 2291 leges
1014 2243 1096 2280 iura
1125 2240 1275 2284 iudicia,
1300 2238 1396 2277 bella
