1537 2512
170 89 222 129 28
404 102 461 127 DE
493 100 721 127 caraman
753 97 1076 126 comvnA'rioxn
1107 97 1142 124 c.
1175 93 1231 126 51.

173 200 239 250 qui
266 198 518 237 seditionibus
537 209 621 236 rem
639 195 835 248 pubIIcam
855 197 1159 245 exagitaverant,
1190 195 1328 233 merito
1355 206 1467 232 neca-

117 260 160 293 33
176 260 234 292 tos
256 254 421 293 aiebant.
471 252 537 291 Set
566 265 610 292 ea
639 263 703 291 res
729 262 893 301 magnae
915 251 1064 290 initium
1086 250 1203 288 cladis
1231 249 1312 288 fuit.
1371 248 1468 288 Nam
1523 265 1527 269 Δ

172 310 226 348 uti
247 310 410 360 quisque
433 308 591 347 domum
617 311 683 346 aut
710 306 856 350 villam,
878 310 1074 356 postremo
1097 317 1161 344 vas
1184 308 1251 343 aut
1266 305 1468 343 vestimen-

171 370 252 403 tum
269 364 430 403 alicuius
451 364 735 413 concupiverat,
759 361 875 400 dabat
895 373 1067 412 operam,
1098 365 1141 399 ut
1161 361 1192 398 is
1211 361 1250 398 in
1272 360 1468 410 proscrip-

110 426 153 458 34
171 424 301 458 torum
329 430 493 457 numero
524 422 635 457 esset.
683 417 738 456 Ita
759 417 829 461 illi,
863 416 1002 468 quibus
1031 416 1250 466 Damasippi
1269 425 1374 453 mors
1392 413 1500 454 lae-5

165 475 271 513 titiae
292 474 439 518 fuerat,
464 473 580 523 paulo
602 478 690 523 post
710 473 781 523 ipsi
807 471 1080 515 trahebantur,
1105 482 1232 521 neque
1252 471 1360 520 prius
1384 470 1469 508 finis
1509 505 1513 508 Δ

108 537 151 570 35
167 528 365 579 iugulandi
396 528 466 567 fuit
487 540 601 579 quam
627 527 731 566 Sulla
753 527 877 565 omnis
899 537 990 565 suos
1021 526 1157 564 divitiis
1183 525 1358 575 explevit.
1403 525 1468 562 At·

166 596 242 635 que
269 597 340 635 ego
370 585 467 623 haec
492 595 571 622 non
601 584 640 622 in
662 582 710 620 M.
735 581 861 620 Tullio
891 593 1019 632 neque
1049 581 1108 619 his
1135 579 1376 630 temporibus
1405 592 1466 618 ve·

165 651 276 678 reor:
307 643 365 679 set
390 640 430 678 in
459 649 599 688 magna
625 638 773 677 civitate
801 637 921 676 multa
954 641 992 675 et
1034 637 1139 675 varia
1177 636 1329 685 ingenia
1364 638 1465 674 sunt.
1534 680 1537 685 Ι

110 705 154 738 36
167 694 298 733 Potest
313 694 386 733 alio
408 698 596 744 tempore,
615 693 688 732 alio
711 691 881 737 consule,
904 693 964 731 cui
978 693 1069 730 item
1087 691 1279 730 exercitus
1293 691 1332 729 in
1352 701 1470 729 manu
1483 698 1516 726 ιο
1534 703 1537 732 3

167 750 234 794 sit,
270 749 412 789 falsum
441 749 584 800 aliquid
610 760 682 799 pro
712 759 805 787 vero
836 747 961 786 credi:
993 746 1061 785 ubi
1091 746 1166 785 hoc
1196 745 1372 796 exemplo
1398 756 1470 796 per
1528 742 1537 808 1¹

167 805 290 843 senati
320 805 520 844 decretum
552 803 687 843 consul
717 802 885 853 gladium
917 803 1110 845 eduxerit,
1151 803 1236 853 quis
1273 800 1326 840 illi
1355 801 1471 839 finem
1528 811 1537 850 ⁴,

168 864 320 905 statuet,
353 864 419 899 aut
449 861 533 911 quis
556 858 845 898 moderabitur?
1530 855 1537 903 ἶ

111 927 154 961 37
282 915 447 954 Maiores
465 916 609 958 nostri,
641 918 771 964 patres
792 913 1011 962 conscripti,
1043 924 1170 963 neque
1191 910 1325 951 consili
1345 922 1472 961 neque
1532 922 1537 962 ζ

169 970 352 1010 audaciae
367 982 552 1021 umquam
570 980 724 1019 eguere‚
746 980 872 1019 neque
888 967 960 1006 illis
980 967 1162 1018 snperbia
1184 966 1373 1011 obstabat,
1395 977 1471 1017 quo
1486 975 1521 1004 15

167 1027 296 1065 minus
321 1025 444 1065 aliena
473 1027 664 1069 instituta,
698 1025 729 1062 si
758 1024 873 1062 modo
902 1022 1027 1073 proha
1053 1027 1183 1068 erant,
1214 1023 1470 1061 imitarentur.

111 1092 155 1126 38
170 1082 285 1121 Arma
310 1086 424 1132 atque
446 1080 522 1120 tela
546 1080 723 1119 militaria
746 1079 793 1118 ab
814 1077 1062 1122 Samnitibus,
1088 1079 1252 1128 insignia
1273 1078 1472 1128 magistra-

168 1142 279 1176 tuum
302 1136 349 1176 ab
372 1136 510 1175 Tuscis
535 1135 720 1187 pleraque
743 1138 1010 1184 sumpserunt:
1041 1137 1239 1184 postremo
1264 1133 1367 1184 quod
1388 1131 1472 1171 ubi-

169 1205 244 1244 que
267 1192 369 1243 apud
391 1193 517 1230 socios
542 1196 608 1231 aut
628 1191 748 1229 hostis
768 1190 950 1229 idoneum
972 1188 1186 1233 videbatur,
1211 1199 1300 1228 cum
1319 1199 1472 1227 summo

168 1248 294 1287 studio
323 1247 426 1286 domi
467 1247 781 1297 exequebantur:
822 1245 961 1283 imitari
1001 1256 1118 1294 quam
1154 1245 1324 1283 invidere
1362 1243 1537 1282 bonisw

110 1311 154 1345 39
169 1302 376 1342 malebant.
406 1302 472 1341 Set
493 1302 629 1341 eodem
645 1301 709 1340 illo
732 1306 906 1350 tempore
924 1299 1128 1351 [Graeciae
1150 1311 1298 1338 morem
1320 1297 1472 1350 imitati]

169 1357 397 1397 verberibus
419 1356 779 1396 animadvortebant
808 1357 846 1394 in
872 1356 973 1398 civis,
1006 1355 1052 1393 de
1075 1355 1339 1393 condemnatis
1368 1365 1473 1393 sum-

110 1423 155 1456 40
170 1425 277 1452 mum
297 1412 529 1463 subplicium
555 1412 770 1451 sumebant.
813 1411 1022 1460 Postquam
1044 1421 1106 1449 res
1133 1409 1287 1460 publica
1311 1409 1474 1448 adolevit

170 1474 207 1508 et
226 1468 469 1507 multitudine
490 1469 628 1507 civium
658 1467 844 1506 factiones
863 1465 1017 1504 valuere
1030 1496 1038 1509 ‚
1072 1466 1343 1504 circumveniri
1363 1466 1473 1503 inno-

171 1529 313 1568 centes,
335 1523 406 1562 alia
429 1523 591 1562 huiusce
614 1523 718 1561 modi
739 1522 824 1560 fieri
849 1533 1035 1570 coepere,
1062 1525 1145 1559 tum
1165 1520 1227 1558 lex
1249 1520 1384 1559 Porcia
1406 1519 1537 1567 ali-2⁵,

172 1591 293 1630 aeque
319 1578 424 1629 leges
446 1583 602 1629 paratae
626 1582 735 1621 sunt,
770 1577 911 1628 quibus
932 1575 1083 1625 legibus
1105 1575 1262 1614 exilium
1283 1576 1473 1615 damnatis

113 1644 154 1675 41
173 1634 405 1685 permissum
434 1638 501 1672 est.
540 1634 649 1672 Hanc
672 1644 742 1683 ego
773 1643 959 1675 caussam,
991 1636 1121 1681 patres
1147 1631 1366 1681 conscripti,
1397 1643 1474 1682 quo

171 1691 298 1728 minus
325 1701 465 1727 novom
487 1688 688 1727 consilium
713 1689 919 1737 capiamus,
943 1687 979 1724 in
1005 1687 1138 1735 primis
1164 1697 1344 1736 magnam
1365 1691 1471 1736 puto.

116 1755 159 1786 42
174 1744 353 1784 Profecto
380 1745 498 1783 virtus
530 1749 644 1795 atque
673 1744 857 1794 sapientia
880 1743 1002 1780 maior
1033 1742 1070 1779 in
1100 1741 1172 1779 illis
1202 1741 1292 1786 suit,
1330 1743 1395 1792 qui
1427 1754 1473 1781 ex

172 1801 300 1851 parvis
331 1799 468 1849 opibus
494 1804 642 1838 tantum
659 1800 869 1850 imperium
886 1798 1026 1841 secere,
1059 1809 1174 1847 quam
1195 1796 1233 1835 in
1256 1796 1385 1841 nobis,
1409 1798 1520 1848 quia·

175 1868 219 1895 ea
252 1855 352 1894 bene
380 1859 489 1905 parta
517 1856 577 1894 vix
603 1855 826 1893 retinemus.

117 1913 160 1946 43
287 1910 417 1949 Placet
437 1911 553 1959 igitur
576 1921 641 1949 cos
663 1909 799 1948 dimitti
821 1913 858 1947 et
881 1918 1016 1956 angeri
1036 1907 1249 1945 exercitum
1270 1906 1476 1947 Catilinae?

174 1967 356 2006 Mimnne.
390 1965 456 2004 Set
472 1967 520 2004 ita
539 1977 700 2004 censeo:
722 1963 974 2014 publicandas
1002 1974 1136 2000 eorum
1157 1964 1353 2012 pecunias,
1372 1963 1476 2013 ipsos

175 2023 212 2060 in
242 2020 403 2059 vinculis
436 2020 636 2059 habendos
663 2032 732 2070 per
758 2019 985 2068 municipia,
1018 2029 1116 2068 quae
1137 2029 1315 2057 maxume
1337 2016 1475 2069 opibus

175 2077 410 2115 valenttneu
429 2078 515 2127 quis
527 2076 574 2115 de
597 2077 650 2114 eis
670 2080 801 2125 postea
827 2075 873 2113 ad
895 2078 1071 2112 senatum
1087 2071 1249 2117 referat,
1275 2085 1371 2112 neve
1387 2085 1475 2112 cum
1489 2084 1522 2112 ⁸⁸

175 2131 320 2183 populo
348 2136 454 2180 agat:
495 2132 559 2181 qui
591 2131 700 2170 aliter
731 2131 885 2172 sec-crit,
919 2133 1095 2167 senatum
1126 2130 1358 2168 existumare
1386 2140 1476 2168 eum

176 2193 309 2226 contra
342 2199 426 2225 rem
455 2186 648 2237 publicam
678 2191 715 2224 ct
743 2186 904 2225 salutem
934 2185 1106 2222 omnium
1136 2183 1355 2223 facturum!

114 2244 163 2280 :32
290 2242 496 2291 Postquam
523 2241 662 2281 Cacsar
680 2241 830 2281 dicundi
849 2241 963 2278 finem
985 2239 1084 2280 fecit,
1104 2240 1221 2277 ceteri
1242 2238 1359 2278 verbo
1381 2237 1477 2278 alius
