1537 2512
1285 110 1298 136 »¹

1306 111 1327 148 7

292 123 347 148 DE
371 122 597 149 CATILINAE
621 122 938 149 CONIVRATIONF.
963 123 996 149 C.
1016 119 1072 150 51.

147 219 190 259 1).
214 218 403 262 Silanum,
432 219 552 257 virum
575 218 714 258 fortem
736 226 849 272 atque
871 226 1092 263 strenuum,
1119 225 1225 258 certo
1250 220 1328 258 scio
1346 227 1386 259 16

36 286 136 326 quae
158 274 296 313 dixerit
311 274 436 312 studio
456 274 513 312 rei
528 273 705 324 publicae
723 275 881 320 dixisse,
906 287 1030 325 neque
1047 274 1153 313 illum
1173 276 1211 313 in
1229 280 1331 314 tanta

39 341 83 368 re
100 329 262 378 gratiam
281 333 346 368 aut
367 329 581 367 inimicitias
601 341 805 369 exercere:
829 342 894 369 eos
914 341 1043 369 mores
1065 342 1226 381 eamque
1249 341 1331 368 mo-

38 385 198 423 destiam
218 384 288 422 viri
309 385 485 433 cognovi.
502 384 648 423 Verum
670 386 857 424 sententia
880 387 960 424 eius
981 384 1073 423 mihi
1093 396 1171 422 non
1193 384 1329 423 crude-
1347 391 1386 422 17

6 438 81 479 slis
108 462 153 467 —
177 438 267 490 quid
293 439 394 478 enim
418 439 455 477 in
479 438 561 477 talis
586 439 762 478 homines
792 440 947 479 crudele
984 440 1066 478 fieri
1097 440 1245 489 potest?
1282 462 1326 467 —

35 499 93 532 set
123 493 246 532 aliena
276 506 296 532 a
322 505 366 532 re
395 493 549 544 publica
569 500 701 533 nostra
730 495 891 534 videtur.
934 495 1029 534 Nam
1060 495 1235 545 profecto
1264 500 1328 534 aut
1344 500 1385 534 18

34 554 159 588 metus
181 553 246 588 aut
269 549 407 587 iniuria
433 553 470 587 te
496 548 658 598 subegit,
682 549 830 594 Silane,
860 549 1056 589 consulem
1088 550 1328 600 designatum

34 614 158 653 genus
177 614 326 654 poenae
348 615 487 642 novom
509 603 732 643 decernere.
764 605 817 644 De
839 606 977 644 timore
999 616 1328 654 supervacaneum
1346 611 1385 644 19

35 664 92 698 est
113 659 316 703 disserere,
341 670 428 697 cum
450 660 678 708 praesertim
700 659 892 709 diligentia
915 659 1129 698 clarissumi
1148 660 1218 697 viri
1237 671 1328 697 con-

0 727 20 750 ,υ
36 713 127 752 sulis
149 717 253 752 tanta
284 713 472 764 praesidia
489 714 567 752 sint
594 714 635 752 in
664 715 794 752 armis.
822 714 875 753 De
896 726 1021 765 poena
1042 725 1199 764 possum
1222 715 1325 764 equi·
1343 723 1384 755 20

35 768 122 808 dem
146 768 287 812 dicere,
308 768 345 806 id
368 768 470 819 quod
490 780 553 807 res
573 769 701 813 hahet,
724 771 761 807 in
782 768 887 808 luctu
909 774 1022 820 atque
1041 769 1205 807 miseriis
1224 780 1328 807 mor·

31 828 111 862 tem
134 835 409 862 aerumnarum
426 825 612 874 requiem,
634 835 710 863 non
731 825 942 863 cruciatum
964 835 1060 867 esse,
1083 835 1168 862 eam
1192 830 1327 863 cuncta

32 877 253 917 mortalium
275 877 374 917 mala
393 878 612 923 dissolvere,
635 879 735 918 ultra
757 891 883 930 neque
906 891 1022 918 curae
1042 890 1168 929 neque
1189 879 1328 928 gaudio

32 933 160 973 locum
181 945 278 973 esse.
325 933 402 978 Set,
432 945 502 984 per
524 933 615 973 deos
642 934 873 979 inmortalis,
907 933 1159 985 quamobrem
1181 935 1218 972 in
1240 945 1325 972 sen·
1341 938 1381 969 21

3 1002 18 1027 5
32 989 189 1028 tentiam
208 1000 285 1027 non
302 987 495 1032 addidisti,
515 989 569 1027 uti
584 987 693 1039 prius
713 989 988 1029 verberihusin
1003 1001 1070 1029 eos
1088 988 1328 1027 animadvor-

33 1043 206 1083 teretur?
260 1043 317 1082 An
353 1043 439 1093 quia
470 1042 532 1081 lex
562 1043 698 1082 Porcia
727 1044 849 1082 vetat?
905 1048 951 1082 At
981 1043 1074 1082 aliae
1105 1043 1210 1092 leges
1236 1044 1325 1082 item
1342 1049 1384 1080 22

36 1098 300 1138 condemnatis
318 1097 462 1137 civibus
483 1110 560 1136 non
578 1100 743 1137 animam
766 1100 879 1149 eripi,
904 1104 961 1138 set
983 1097 1137 1138 exilium
1158 1099 1327 1148 permitti

32 1153 178 1193 iubent.
228 1154 285 1191 An
310 1154 396 1204 quia
421 1154 574 1202 gravius
603 1158 659 1192 est
680 1153 878 1193 verberari
904 1166 1018 1205 quam
1042 1154 1197 1193 necari?
1226 1154 1324 1199 Quid
1340 1151 1382 1183 23

33 1213 162 1248 autem
191 1207 375 1247 acerbum
426 1212 491 1246 aut
520 1209 631 1246 nimis
660 1219 775 1258 grave
799 1210 912 1248 estin
943 1209 1117 1248 homines
1146 1209 1241 1247 tanti
1272 1208 1325 1246 sa-

3 1279 19 1306 ο
33 1265 186 1314 εἰῃοῑὶς,
205 1263 422 1302 convictos?
472 1263 536 1302 Sin
568 1265 654 1314 quia
676 1263 795 1303 levius
818 1269 885 1308 est,
909 1265 972 1315 qui
996 1265 1173 1303 convenit
1195 1264 1233 1301 in
1255 1264 1324 1301 mi·
1339 1264 1381 1295 24

31 1331 128 1359 nore
148 1319 302 1368 negotio
318 1317 445 1368 legem
465 1319 620 1363 timere,
646 1331 733 1357 cum
756 1331 839 1357 eam
860 1320 896 1357 in
918 1320 1063 1359 maiore
1087 1318 1327 1368 neglegeris?

141 1375 189 1413 At
218 1375 320 1413 enim
347 1375 432 1424 quis
461 1373 731 1423 reprehendet,
761 1374 863 1423 quod
887 1375 924 1412 in
949 1374 1139 1424 paricidas
1168 1375 1226 1412 rei
1254 1385 1324 1423 pu·
1339 1377 1383 1408 25

31 1429 155 1470 blicae
180 1429 380 1469 decretum
400 1429 497 1467 erit?
529 1428 698 1478 Tempus
742 1429 821 1467 dies
867 1429 1042 1472 fortuna,
1067 1429 1175 1468 cuius
1194 1427 1326 1466 lubido

31 1485 211 1536 gentibus
240 1483 476 1522 moderatur.
526 1483 602 1521 Illis
629 1485 765 1521 merito
788 1484 952 1527 accidet,
985 1483 1166 1534 quicquid
1189 1494 1325 1521 evene·
1339 1487 1383 1519 26

0 1541 100 1581 zrit:
133 1544 304 1579 ceterum
337 1550 416 1582 vos,
439 1543 567 1587 patres
595 1539 811 1589 conscripti,
845 1539 934 1588 quid
964 1540 1001 1576 in
1031 1537 1123 1577 allos
1153 1538 1324 1576 statuatis

33 1595 286 1635 considerate.
319 1592 454 1632 Omnia
471 1593 568 1631 mala
591 1593 763 1643 exempla
786 1605 831 1632 ex
852 1593 970 1632 rebus
986 1593 1098 1632 bonis
1115 1597 1198 1631 orta
1221 1598 1321 1631 sunt.
1336 1596 1379 1628 27

32 1650 186 1690 Scilicet
208 1648 274 1688 ubi
291 1650 503 1700 imperium
513 1649 559 1687 ad
580 1649 734 1698 ignaros
756 1653 821 1687 aut
848 1650 975 1687 minus
994 1648 1118 1687 bonos
1137 1648 1322 1698 pervenit,

32 1717 172 1744 novom
203 1703 295 1743 illud
316 1702 533 1753 exemplum
555 1703 602 1742 ab
634 1704 756 1754 dignis
787 1708 822 1742 et
854 1704 998 1742 idoneis
1021 1703 1065 1742 ad
1090 1703 1266 1753 indignos
1288 1707 1326 1740 et

33 1772 110 1799 non
133 1760 292 1799 idoneos
316 1758 560 1797 transfertur.
593 1758 885 1798 Lacedaemonii
907 1758 1061 1796 devictis
1084 1757 1322 1796 Atheniensi·
1338 1756 1382 1789 28

0 1816 105 1858 obus
123 1816 280 1864 triginta
299 1815 402 1852 viros
421 1814 647 1863 inposuere,
680 1815 744 1864 qui
764 1826 846 1852 rem
870 1814 1063 1863 publicam
1089 1824 1224 1851 eorum
1247 1816 1326 1849 tra--

34 1875 193 1910 ctarent.
229 1869 271 1907 Ei
292 1869 415 1918 primo
442 1880 604 1918 coepere
627 1880 849 1918 pessumum
868 1880 1058 1918 quemque
1091 1871 1127 1905 et
1148 1866 1326 1905 omnihus
1339 1867 1384 1900 29

32 1927 195 1964 invisum
226 1923 487 1962 indemnatum
507 1934 668 1962 necare:
695 1935 738 1962 ea
768 1922 932 1973 populus
958 1923 1092 1961 laetari
1123 1927 1160 1960 et
1188 1921 1325 1960 merito

34 1981 162 2020 dicere
183 1979 279 2018 fieri.
322 1978 415 2017 Post
444 1977 510 2016 ubi
535 1977 716 2028 paulatim
735 1978 886 2017 licentia
916 1979 1044 2021 crevit,
1076 1978 1177 2016 iuxta
1203 1976 1326 2014 bonos
1339 1977 1382 2010 30

35 2040 71 2074 et
91 2034 212 2074 malos
233 2033 447 2072 lubidinose
469 2033 697 2076 interficere,
721 2037 870 2071 ceteros
892 2038 996 2071 metu
1013 2038 1179 2071 terrere:
1201 2032 1250 2069 ita
1273 2032 1322 2069 ci·
1337 2031 1377 2063 31

0 2108 20 2133 ιε,
33 2092 127 2129 vitas
144 2090 325 2128 servitute
352 2087 535 2138 obpressa
555 2087 690 2127 stultae
711 2087 874 2126 laetitiae
895 2088 1020 2137 gravis
1041 2098 1186 2137 poenas
1209 2085 1322 2124 dedit.

32 2145 170 2185 Nostra
191 2144 375 2183 memoria
396 2144 514 2181 victor
531 2142 633 2181 Sulla
670 2155 757 2181 cum
778 2142 1049 2193 Damasippum
1070 2147 1107 2181 et
1127 2141 1220 2181 alios
1241 2142 1321 2179 eius
1336 2142 1378 2174 3'2

33 2200 154 2244 modi,
178 2200 243 2250 qui
264 2197 363 2237 malo
387 2199 443 2237 rei
465 2197 642 2248 publicae
667 2203 878 2242 creverant,
908 2197 1074 2247 iugulari
1096 2197 1214 2239 iussit,
1240 2196 1324 2246 quis

33 2267 111 2294 non
141 2254 283 2294 sactum
314 2254 394 2292 eius
420 2252 622 2292 laudabat?
651 2253 826 2292 homines
853 2253 1035 2292 scelestos
1065 2257 1102 2291 et
1132 2252 1323 2290 factiosos
