1537 2512
119 82 168 120 12
264 93 320 119 ma
352 89 580 116 CATILINAE
614 89 932 116 comvssnloun
965 88 1002 117 c.
1031 82 1089 117 21.
1120 82 1178 116 22.
1208 83 1265 118 23.

117 194 192 230 citu
224 190 266 229 P.
299 190 450 228 Sittium
480 187 740 231 Nucerinum,
771 186 906 226 consili
934 187 993 225 sui
1018 187 1249 237 participes:
1279 191 1413 236 petere

115 245 356 285 consulatum
375 244 419 283 G.
436 243 655 286 Antonium,
675 254 788 292 quem
812 241 884 281 sibi
909 241 1109 291 conlegam
1124 241 1207 280 fore
1224 250 1411 292 speraret,

114 301 311 339 hominem
331 304 368 338 et
385 298 612 339 familiarem
630 303 667 336 et
683 297 862 336 omnibus
878 296 1227 335 necessitudinibus
1246 297 1412 335 circum-

80 365 100 395 4
114 360 292 394 ventum:
325 367 414 394 cum
438 366 483 393 eo
505 365 545 392 se
569 351 767 391 consulem
788 353 936 391 initium
956 351 1098 401 agundi
1120 351 1325 390 facturum.
1353 351 1411 390 Ad

112 412 187 449 hoc
215 410 315 449 male
347 410 456 448 dictis
485 407 711 458 increpabat
747 408 871 446 omnis
899 407 1043 451 bonos,
1085 418 1240 445 suorum
1271 417 1442 445 unum-5

113 478 306 517 quemque
343 465 546 502 nominans
583 462 759 501 laudare:
800 462 1030 501 admonebat
1065 461 1180 500 alium
1219 462 1409 511 egestatis.

113 521 230 559 alium
262 520 478 570 cupiditatis
507 530 618 563 suae,
656 517 854 568 conpluris
879 516 1040 568 periculi
1071 521 1137 555 aut
1165 516 1410 566 ignominiae,

80 585 100 616 5
114 575 257 614 multos
277 575 459 613 victoriae
482 572 680 617 Sullanae,
711 572 850 623 quibus
872 585 915 610 ea
940 572 1106 622 praedae
1128 571 1264 610 fuerat.
1302 570 1411 609 Post-

116 642 231 681 quam
253 630 424 669 omnium
455 629 602 668 animos
631 627 767 666 alacris
795 628 918 671 videt,
951 626 1173 665 cohortatus
1197 631 1239 665 ut
1261 626 1412 678 petitio-

48 686 204 725 22ncm
225 697 334 724 suam
364 697 480 723 curae
509 683 715 727 haberent,
746 687 977 721 conventum
1006 682 1157 720 dimisit.
1209 681 1335 720 Fuere
1366 692 1409 720 ea
1423 693 1458 720 ιο
1482 684 1494 727 ζ

114 745 362 791 tempestate,
396 740 460 790 qui
480 739 654 778 dicerent
672 737 1071 788 Catilinam,oratione
1101 736 1230 775 hahita
1251 748 1339 775 cum
1364 736 1411 775 ad

112 795 383 834 iusiurandum
403 793 603 846 popularis
624 793 780 832 sceleris
800 794 859 831 sui
879 793 1062 842 adigeret,
1088 792 1247 830 humani
1271 803 1411 841 corpo-

77 861 97 891 2
113 852 166 889 ris
183 851 410 900 sanguinem
427 851 513 888 vino
528 849 761 900 permixtum
781 849 819 886 in
835 849 978 898 pateris
999 846 1301 886 circumtulisse:
1323 847 1411 885 inde

116 918 202 945 curn
229 911 316 956 post
338 906 620 944 execrationem
645 915 778 942 omnes
799 903 1120 953 degustavissent‚
1144 903 1255 941 sicuti
1278 903 1316 940 in
1337 901 1411 940 sol-

113 960 305 999 lemnibus
333 962 452 999 sacris
480 960 564 998 fieri
594 960 802 1003 consuevit,
834 959 1032 1004 aperuisse
1054 957 1255 996 consilium
1284 969 1409 1001 suum,
1427 969 1459 995 1⁵

111 1012 246 1066 [atque
263 1025 308 1051 eo
322 1012 494 1051 dictitare
511 1009 669 1062 secisse]
687 1023 763 1062 quo
779 1011 882 1049 inter
898 1023 939 1050 se
954 1011 1018 1050 fidi
1033 1013 1154 1062 magis
1169 1014 1299 1052 forent
1317 1011 1413 1050 alius

77 1069 174 1110 3a1ii
198 1070 292 1108 tanti
317 1069 499 1108 facinoris
524 1069 677 1107 conscii.
725 1067 905 1106 Nonnulli
934 1068 1021 1106 ficta
1043 1072 1080 1106 et
1108 1067 1206 1106 haec
1236 1071 1274 1106 et
1292 1066 1410 1106 multa

111 1129 314 1176 praeterea
333 1123 616 1164 existumabant
631 1122 678 1162 ab
698 1124 770 1166 eis,
796 1123 859 1173 qui
877 1122 1072 1161 Ciceronis
1091 1122 1290 1167 invidiam,
1314 1133 1412 1174 quae

112 1185 244 1230 postea
274 1185 355 1218 orta
387 1184 464 1224 est,
490 1178 602 1218 leniri
629 1177 839 1217 credebant
861 1179 1059 1216 atrocitate
1079 1177 1237 1216 sceleris
1261 1189 1410 1221 eorum,

113 1236 177 1286 qui
207 1246 353 1286 poenas
384 1234 582 1274 dederant.
639 1233 759 1272 Nobis
788 1246 830 1271 ea
860 1244 924 1272 res
956 1245 1026 1282 pro
1052 1233 1314 1283 magnitudine
1343 1244 1411 1283 pa-
1424 1246 1458 1274 20

112 1301 200 1328 rum
223 1295 407 1340 conperta
435 1294 503 1328 est.

48 1350 98 1389 23
227 1345 292 1383 Set
321 1346 358 1383 in
387 1357 429 1384 ea
455 1345 718 1383 coniuratione
746 1343 816 1381 suit
840 1343 882 1388 Q.
909 1342 1066 1387 Curius,
1097 1349 1210 1382 natus
1231 1342 1323 1382 haut
1344 1343 1412 1382 ob-

115 1411 230 1439 scuro
251 1400 356 1443 loco,
384 1399 535 1449 flagitiis
556 1405 669 1450 atque
691 1398 929 1437 facinoribus
951 1403 1148 1448 copertus,
1186 1411 1299 1449 quem
1321 1410 1411 1437 cen-

76 1467 95 1497 ‘2
113 1466 222 1494 sores
240 1461 372 1494 senatu
391 1454 525 1505 probri
542 1455 663 1504 gratia
680 1459 890 1492 moverant.
913 1453 1011 1492 Huic
1027 1453 1172 1492 homini
1192 1466 1267 1492 non
1286 1455 1411 1493 minor

112 1511 257 1549 vanitas
278 1512 399 1549 inerat
426 1522 540 1561 quam
562 1509 741 1548 audacia:
771 1520 897 1559 neque
920 1509 1083 1547 reticere
1105 1521 1201 1559 quae
1224 1509 1409 1553 audierat,
1424 1525 1458 1551 25

113 1577 239 1616 neque
260 1571 410 1604 suamet
429 1567 508 1615 ipse
533 1564 678 1603 scelera
705 1563 918 1607 occultare,
951 1575 1113 1613 prorsus
1135 1575 1261 1615 neque
1282 1565 1411 1604 dicere

77 1630 97 1663 3
113 1632 238 1671 neque
262 1620 388 1659 facere
410 1621 614 1671 quicquain
636 1620 746 1670 pensi
769 1618 948 1657 habebat.
982 1619 1074 1657 Erat
1097 1620 1131 1657 ci
1156 1631 1242 1658 cum
1266 1619 1409 1664 Fulvia,

120 1675 282 1714 muliere
312 1675 450 1720 nobili,
482 1676 605 1725 stupri
636 1679 744 1713 retus
774 1673 1025 1714 consuetudo.
1066 1673 1134 1713 Cui
1166 1686 1252 1713 cum
1284 1676 1412 1714 minus

112 1736 245 1780 gratus
266 1735 376 1775 esset,
401 1732 487 1781 quia
510 1731 634 1781 inopia
659 1731 784 1768 minus
805 1728 937 1779 largiri
962 1733 1123 1778 poterat,
1147 1735 1306 1779 repente
1329 1729 1409 1780 glo-

111 1787 217 1824 rians
237 1787 357 1825 maria
380 1787 597 1836 montisque
623 1784 796 1835 polliceri
821 1785 957 1834 coepit,
990 1789 1026 1822 et
1049 1785 1188 1823 minari
1216 1785 1456 1830 interdumso

113 1842 230 1884 ferro,
253 1842 290 1879 ni
313 1841 383 1880 sibi
407 1841 570 1879 obnoxia
590 1841 703 1879 soret:
723 1845 920 1890 postremo
941 1839 1108 1878 ferocius
1129 1841 1273 1890 agitare
1295 1852 1410 1892 quam

75 1904 96 1935 4
114 1896 247 1934 solitus
273 1901 367 1935 erat.
400 1897 447 1935 At
466 1895 609 1938 Fulvia,
633 1895 857 1933 insolentiae
875 1895 965 1933 Curi
998 1907 1110 1934 causa
1143 1897 1312 1945 cognita,
1337 1896 1411 1935 tale

119 1951 334 2002 periculum
366 1954 422 1990 rei
449 1951 624 2001 publicae
654 1950 747 1988 haut.
769 1949 961 1989 occultum
994 1950 1148 1995 habuit,
1181 1956 1238 1989 set
1259 1951 1410 1990 sublato

113 2011 271 2045 auctore
295 2007 340 2045 de
359 2006 540 2045 Catilinae
559 2007 822 2045 coniuratione
860 2018 957 2055 quae
980 2007 1263 2057 quoquomodo
1279 2007 1409 2046 audie·

77 2073 97 2105 5
112 2067 167 2099 rat
201 2061 455 2112 conpluribus
489 2063 669 2100 narravit.
704 2061 756 2099 lia
775 2073 837 2099 res
857 2062 893 2099 iu
916 2062 1048 2111 primis
1068 2062 1188 2100 studia
1210 2061 1453 2104 hominumn

113 2117 292 2155 adcendit
325 2118 369 2155 ad
410 2117 650 2155 consulatum
689 2116 948 2154 mandandum
981 2116 1029 2154 M.
1062 2116 1187 2155 Tullio
1219 2118 1405 2157 Ciceroni.

79 2188 98 2212 ιι
112 2172 286 2223 Namque
307 2177 416 2210 autea
440 2171 623 2222 pleraque
647 2171 823 2210 nobilitas
846 2172 982 2210 invidia
1000 2172 1217 2216 aestuabat,
1241 2176 1277 2211 et
1300 2173 1408 2224 quasi

116 2226 230 2276 pollui
256 2226 494 2266 consulatum
513 2227 734 2270 credebant,
758 2228 788 2265 si
805 2239 891 2266 euin
910 2228 1080 2278 quamvis
1098 2228 1276 2278 egregius
1291 2228 1407 2267 homo
