1537 2512
122 78 176 117 54
349 89 406 114 m:
437 88 571 115 nunno
605 87 869 115 meva-ramo
903 87 937 113 c.
961 81 1018 116 26.
1049 81 1090 116 27
1129 80 1184 116 28.

51 186 103 227 26
228 185 283 223 Ea
304 191 509 237 postquam
524 185 649 225 Cirtae
666 185 792 224 audita
813 190 914 230 sunt,
936 184 1070 229 Italici,
1093 195 1260 236 quorum
1281 184 1421 223 virtute

117 241 269 279 moenia
293 240 615 284 defensabantur,
649 241 782 279 confisi
801 240 993 279 deditione
1014 240 1113 278 sacta
1133 244 1293 290 propter
1314 251 1420 289 mag·

117 295 330 334 nitudinem
344 296 477 346 populi
492 295 657 335 Romani
677 294 875 334 inviolatos
892 307 976 334 sese
998 295 1093 339 fore,
1108 293 1317 334 Adherbali
1333 305 1419 333 sua-

118 351 210 389 dent
236 351 290 388 uti
313 362 433 402 seque
464 355 502 390 et
522 350 706 402 oppidum
731 350 940 400 Iugurthae
969 350 1106 394 tradat,
1134 354 1282 389 tantum
1306 348 1353 388 ab
1374 361 1419 389 eo

85 406 233 444 ‘vitam
263 407 507 456 paciscatur:
549 406 595 444 de
623 406 760 444 ceteris
787 407 937 444 senatui
969 417 1085 444 curae
1113 405 1209 443 fore.
1268 404 1315 442 At
1343 403 1448 448 ille‚5

119 461 269 499 tametsi
299 462 425 500 omnia
458 461 608 512 potiora
637 461 711 499 fide
732 461 942 511 Iugurthae
965 460 1145 504 rebatur,
1174 465 1303 498 tamen
1331 461 1420 510 quia

118 527 238 566 penes
266 516 435 560 eosdem,
467 517 499 554 si
529 516 811 560 advorsaretur,
843 516 1006 565 cogundi
1028 521 1197 566 potestas
1227 519 1329 559 erat,
1355 515 1418 558 ita,

83 577 103 610 3
119 572 174 610 uti
203 576 436 610 censuerant
464 570 603 614 Italici,
636 571 868 610 deditionem
892 572 991 609 facit.
1018 570 1205 621 Iugurtha
1225 570 1263 608 in
1287 569 1422 619 primis

118 625 378 665 Adherbalem
402 627 665 665 excruciatum
685 631 809 670 necat,
837 626 975 665 deinde
1005 626 1128 664 omnis
1154 624 1322 675 puberes
1341 623 1419 663 Nu-

117 681 240 721 midas
270 686 385 733 atque
416 682 676 731 negotiatores
704 682 945 732 promiscue,
981 682 1036 720 uti
1076 681 1237 731 quisque
1263 680 1419 718 armatis
1435 691 1465 717 ιο

119 736 254 775 obvius
281 736 418 781 fuerat,
447 737 639 776 interficit.

52 786 103 825 27
231 790 342 836 Quod
364 796 569 842 postquam
597 791 743 831 Romae
773 793 969 842 cognitum
998 796 1056 829 est
1088 796 1125 829 et
1142 801 1206 829 res
1226 791 1266 829 in
1285 795 1419 829 senatu

118 847 253 897 agitari
273 852 419 897 coepta,
436 847 560 886 eidem
577 847 629 885 illi
648 847 812 886 ministri
825 848 929 897 regis
948 845 1228 896 interpellando
1246 857 1290 884 ac
1306 857 1420 895 saepe

119 902 465 951 gratia‚interdum
493 903 626 951 iurgiis
656 901 845 941 trahundo
874 908 1027 952 tempus
1066 902 1308 940 atrocitatem
1331 900 1421 939 fac-ti

84 956 325 996 2leniebant.
369 958 424 996 Ac
444 958 484 996 ni
513 958 556 997 G.
581 956 802 1001 Memmius,
824 957 1003 996 tribunus
1029 955 1159 1006 plebei>
1186 956 1419 1006 designatus,
1437 966 1466 992 ιε

119 1013 175 1050 vir
199 1024 289 1051 acer
311 1016 348 1051 et
367 1013 527 1052 infestus
547 1013 741 1062 potentiae
761 1011 979 1055 nobilitatis,
1001 1011 1186 1063 populum
1205 1011 1422 1050 Romanum

120 1067 349 1112 edocuisset,
372 1067 410 1106 id
433 1069 505 1118 agi,
529 1073 571 1106 ut
594 1079 665 1118 per
686 1079 831 1118 paucos
855 1067 1034 1106 factiosos
1064 1066 1272 1116 Iugurthae
1296 1065 1422 1105 scelus

119 1122 428 1167 condonaretur,
460 1122 636 1174 profecto
668 1123 792 1161 omnis
811 1123 950 1161 invidia
972 1121 1208 1172 prolatandis
1229 1121 1421 1161 consulta-

119 1177 289 1217 tionibus
316 1178 460 1229 dilapsa
491 1178 610 1217 foret:
639 1183 743 1217 tanta
767 1179 821 1216 vis
848 1179 993 1228 gratiae
1015 1182 1129 1228 atque
1149 1177 1337 1227 pecuniae
1359 1188 1420 1216 re-

87 1237 108 1270 3
122 1233 179 1282 gis
200 1237 294 1271 erat.
340 1233 406 1272 Set
425 1233 491 1272 ubi
506 1238 661 1272 senatus
689 1232 815 1272 delicti
835 1233 1068 1272 conscientia
1089 1231 1275 1283 populum
1301 1232 1418 1276 timet,
1434 1243 1467 1270 20

119 1287 204 1337 lege
221 1289 450 1340 Sempronia
466 1289 688 1339 provinciae
709 1288 848 1327 suturis
871 1287 1095 1326 consulibus
1112 1287 1288 1326 Numidia
1306 1292 1419 1338 atque

85 1343 225 1382 41talia
255 1344 453 1383 decretae:
486 1342 664 1382 consules
692 1343 875 1382 declarati
896 1343 937 1382 Ρ.
961 1343 1088 1393 Scipio
1111 1342 1259 1387 Nasica,
1281 1343 1322 1381 L.
1347 1342 1420 1382 Be-

121 1397 470 1451 stia[Calpurnius]:
488 1398 693 1449 Calpurnio
715 1398 904 1443 Numidia,
932 1398 1100 1448 Scipioni
1118 1397 1224 1437 Italia
1245 1397 1419 1438 obvenit:

85 1462 106 1494 5
122 1454 260 1493 deinde
289 1456 498 1498 exercitus,
528 1455 592 1505 qui
617 1455 655 1492 in
675 1454 844 1493 Africam
866 1458 1108 1504 portaretur,
1139 1453 1332 1498 scribitur,
1356 1454 1420 1493 sti·

122 1510 305 1560 pendium
325 1509 485 1561 aliaque,
519 1521 616 1560 quae
637 1509 739 1548 bello
771 1511 856 1548 usui
886 1509 1024 1553 forent,
1057 1509 1333 1548 decernuntur.
1431 1520 1464 1546 25

55 1563 106 1604 28
234 1566 281 1603 At
307 1565 492 1614 Iugurtha
524 1569 658 1603 contra
687 1576 796 1614 spem
819 1565 953 1603 nuntio
975 1569 1152 1615 accepto,
1186 1565 1327 1615 quippe
1358 1565 1421 1603 cui

122 1621 266 1660 Romae
287 1621 413 1658 omnia
435 1631 598 1658 vaenum
622 1620 678 1658 ire
700 1621 738 1658 in
760 1621 886 1658 auimo
906 1619 1104 1663 haeserat,
1133 1619 1252 1658 filium
1273 1625 1309 1658 et
1332 1631 1420 1659 cum

123 1688 168 1715 eo
191 1676 288 1714 duos
309 1674 504 1714 familiaris
526 1675 572 1714 ad
594 1679 770 1714 senatum
792 1675 938 1724 legatos
957 1675 1081 1718 mittit,
1105 1675 1248 1725 eisque,
1270 1675 1324 1713 uti
1346 1673 1420 1713 illis

123 1743 220 1783 quos
243 1730 460 1780 Hiempsale
481 1730 683 1769 interfecto
706 1731 873 1773 miserat,
892 1731 1089 1780 praecipit,
1109 1730 1233 1768 omnis
1248 1729 1420 1769 mortalis

87 1794 108 1824 2
122 1787 285 1839 pecunia
314 1786 601 1835 adgrediamur.
648 1785 721 1831 Qui
741 1791 945 1836 postquam
968 1784 1129 1823 Romam
1151 1784 1418 1830 adventabant,
1433 1794 1468 1821 so

122 1847 278 1882 senatus
299 1854 319 1880 a
342 1841 467 1880 Bestia
489 1840 685 1880 consultus
707 1850 774 1885 est,
799 1840 1019 1890 placeretne
1043 1839 1189 1890 legatos
1212 1839 1420 1890 Iugurthae

122 1897 243 1948 recipi
273 1896 495 1935 moenibus:
524 1897 635 1946 eique
664 1896 884 1939 decrevere,
917 1897 989 1934 nisi
1027 1907 1192 1946 reguum
1218 1896 1420 1947 ipsumque

125 1952 296 1991 deditum
325 1953 536 1994 venisseut,
566 1953 618 1990 uti
640 1952 676 1990 iu
699 1951 834 1990 diebus
854 1951 1051 2001 proxumis
1075 1951 1208 1990 decem
1229 1950 1332 1990 Italia
1355 1952 1419 1991 de·

90 2011 111 2045 3
125 2007 323 2048 cederent.
354 2005 495 2047 Consul
506 2005 681 2045 Numidis
697 2019 742 2045 ex
758 2011 914 2044 senatus
930 2006 1086 2045 decreto
1108 2007 1274 2045 nuntiari
1294 2006 1418 2046 iubet:

125 2064 175 2102 ita
199 2062 348 2101 insectis
379 2061 496 2100 rebus
527 2060 577 2099 illi
607 2061 763 2099 domum
795 2061 1007 2100 discedunt.
1431 2075 1462 2098 π

94 2125 115 2156 4
241 2117 398 2156 Interim
421 2116 650 2166 Calpurnius
673 2122 811 2166 parato
835 2117 1006 2155 exercitu
1033 2116 1134 2166 legat
1153 2115 1224 2155 sibi
1245 2115 1420 2156 homines

126 2171 265 2212 nobilis
288 2172 484 2214 factiosos,
518 2183 683 2222 quorum
714 2173 938 2210 auctoritate
966 2183 1064 2222 quae
1085 2170 1307 2222 deliquisset
1335 2183 1419 2212 mu·

128 2229 204 2267 nita
235 2228 317 2267 sore
348 2226 547 2278 sperabat:
581 2227 616 2264 in
645 2228 728 2277 quis
759 2227 828 2265 suit
858 2227 1038 2271 Scaurus
1072 2228 1179 2266 cuius
1207 2226 1252 2265 de
1284 2233 1421 2267 natura

1533 2266 1537 2322 ἔ

1508 2347 1537 2512 j}
