<?xml version="1.0" encoding="UTF-8"?>
<!DOCTYPE html PUBLIC "-//W3C//DTD XHTML 1.0 Transitional//EN"
    "http://www.w3.org/TR/xhtml1/DTD/xhtml1-transitional.dtd">
<html xmlns="http://www.w3.org/1999/xhtml" xml:lang="en" lang="en">
 <head>
  <title>
</title>
<meta http-equiv="Content-Type" content="text/html;charset=utf-8" />
  <meta name='ocr-system' content='tesseract 3.04.00' />
  <meta name='ocr-capabilities' content='ocr_page ocr_carea ocr_par ocr_line ocrx_word'/>
</head>
<body>
  <div class='ocr_page' id='page_1' title='image "./libridecatilinae00salluoft_0067.png"; bbox 0 0 1537 2512; ppageno 0'>
   <div class='ocr_carea' id='block_1_1' title="bbox 356 99 1338 138">
    <p class='ocr_par' dir='ltr' id='par_1_1' title="bbox 356 99 1338 138">
     <span class='ocr_line' id='line_1_1' title="bbox 356 99 1338 138; baseline 0.001 -2"><span class='ocrx_word' id='word_1_1' title='bbox 356 110 412 136; x_wconf 77' lang='lat' dir='ltr'>m:</span> <span class='ocrx_word' id='word_1_2' title='bbox 443 110 578 136; x_wconf 69' lang='lat' dir='ltr'>Bmto</span> <span class='ocrx_word' id='word_1_3' title='bbox 611 108 876 137; x_wconf 69' lang='lat' dir='ltr'>wovnrmxo</span> <span class='ocrx_word' id='word_1_4' title='bbox 910 110 944 136; x_wconf 89' lang='lat' dir='ltr'>c.</span> <span class='ocrx_word' id='word_1_5' title='bbox 980 106 1029 138; x_wconf 63' lang='lat'>14.</span> <span class='ocrx_word' id='word_1_6' title='bbox 1285 99 1338 137; x_wconf 76' lang='lat'>45</span> 
     </span>
    </p>
   </div>
   <div class='ocr_carea' id='block_1_2' title="bbox 0 206 1408 2249">
    <p class='ocr_par' dir='ltr' id='par_1_2' title="bbox 48 206 1378 425">
     <span class='ocr_line' id='line_1_2' title="bbox 157 206 1378 259; baseline 0.002 -13"><span class='ocrx_word' id='word_1_7' title='bbox 157 206 283 247; x_wconf 90' lang='lat' dir='ltr'>Ceteri</span> <span class='ocrx_word' id='word_1_8' title='bbox 303 219 416 257; x_wconf 85' lang='lat' dir='ltr'>reges</span> <span class='ocrx_word' id='word_1_9' title='bbox 431 212 496 246; x_wconf 89' lang='lat' dir='ltr'>aut</span> <span class='ocrx_word' id='word_1_10' title='bbox 519 207 620 246; x_wconf 85' lang='lat' dir='ltr'>bello</span> <span class='ocrx_word' id='word_1_11' title='bbox 641 208 727 245; x_wconf 82' lang='lat' dir='ltr'>victi</span> <span class='ocrx_word' id='word_1_12' title='bbox 746 208 783 245; x_wconf 87' lang='lat' dir='ltr'>in</span> <span class='ocrx_word' id='word_1_13' title='bbox 807 209 1010 246; x_wconf 81' lang='lat' dir='ltr'>amicitiam</span> <span class='ocrx_word' id='word_1_14' title='bbox 1031 220 1050 247; x_wconf 91' lang='lat' dir='ltr'>a</span> <span class='ocrx_word' id='word_1_15' title='bbox 1073 208 1178 247; x_wconf 80' lang='lat' dir='ltr'>vobis</span> <span class='ocrx_word' id='word_1_16' title='bbox 1198 210 1343 259; x_wconf 83' lang='lat' dir='ltr'>recepti</span> <span class='ocrx_word' id='word_1_17' title='bbox 1356 216 1378 248; x_wconf 85' lang='lat'>5</span> 
     </span>
     <span class='ocr_line' id='line_1_3' title="bbox 49 262 1343 315; baseline 0.002 -15"><span class='ocrx_word' id='word_1_18' title='bbox 49 268 140 301; x_wconf 84' lang='lat' dir='ltr'>sunt</span> <span class='ocrx_word' id='word_1_19' title='bbox 159 267 226 301; x_wconf 90' lang='lat' dir='ltr'>aut</span> <span class='ocrx_word' id='word_1_20' title='bbox 253 263 289 301; x_wconf 91' lang='lat' dir='ltr'>in</span> <span class='ocrx_word' id='word_1_21' title='bbox 315 264 394 301; x_wconf 87' lang='lat' dir='ltr'>suis</span> <span class='ocrx_word' id='word_1_22' title='bbox 421 262 546 302; x_wconf 88' lang='lat' dir='ltr'>dubiis</span> <span class='ocrx_word' id='word_1_23' title='bbox 572 262 690 301; x_wconf 87' lang='lat' dir='ltr'>rebus</span> <span class='ocrx_word' id='word_1_24' title='bbox 712 263 933 302; x_wconf 85' lang='lat' dir='ltr'>societatem</span> <span class='ocrx_word' id='word_1_25' title='bbox 962 269 1129 302; x_wconf 81' lang='lat' dir='ltr'><strong>vostram</strong></span> <span class='ocrx_word' id='word_1_26' title='bbox 1152 264 1343 315; x_wconf 75' lang='lat' dir='ltr'>adpetive-</span> 
     </span>
     <span class='ocr_line' id='line_1_4' title="bbox 49 317 1344 369; baseline 0.002 -14"><span class='ocrx_word' id='word_1_27' title='bbox 49 323 161 362; x_wconf 85' lang='lat' dir='ltr'>runt,</span> <span class='ocrx_word' id='word_1_28' title='bbox 194 317 335 357; x_wconf 76' lang='lat' dir='ltr'>familia</span> <span class='ocrx_word' id='word_1_29' title='bbox 358 324 490 357; x_wconf 89' lang='lat' dir='ltr'>nostra</span> <span class='ocrx_word' id='word_1_30' title='bbox 521 330 607 357; x_wconf 92' lang='lat' dir='ltr'>cum</span> <span class='ocrx_word' id='word_1_31' title='bbox 638 317 781 368; x_wconf 83' lang='lat' dir='ltr'>populo</span> <span class='ocrx_word' id='word_1_32' title='bbox 810 317 984 357; x_wconf 84' lang='lat' dir='ltr'>Romano</span> <span class='ocrx_word' id='word_1_33' title='bbox 1014 318 1115 358; x_wconf 89' lang='lat' dir='ltr'>bello</span> <span class='ocrx_word' id='word_1_34' title='bbox 1146 318 1344 369; x_wconf 89' lang='lat' dir='ltr'>Carthagi-</span> 
     </span>
     <span class='ocr_line' id='line_1_5' title="bbox 48 372 1346 425; baseline 0.002 -14"><span class='ocrx_word' id='word_1_35' title='bbox 48 374 171 412; x_wconf 89' lang='lat' dir='ltr'>niensi</span> <span class='ocrx_word' id='word_1_36' title='bbox 205 372 447 425; x_wconf 83' lang='lat' dir='ltr'>[amicitiam]</span> <span class='ocrx_word' id='word_1_37' title='bbox 479 375 655 417; x_wconf 82' lang='lat' dir='ltr'>instituit,</span> <span class='ocrx_word' id='word_1_38' title='bbox 689 385 764 423; x_wconf 92' lang='lat' dir='ltr'>quo</span> <span class='ocrx_word' id='word_1_39' title='bbox 794 377 969 424; x_wconf 91' lang='lat' dir='ltr'>tempore</span> <span class='ocrx_word' id='word_1_40' title='bbox 998 375 1119 424; x_wconf 89' lang='lat' dir='ltr'>magis</span> <span class='ocrx_word' id='word_1_41' title='bbox 1139 375 1233 413; x_wconf 88' lang='lat' dir='ltr'>fides</span> <span class='ocrx_word' id='word_1_42' title='bbox 1262 374 1346 413; x_wconf 87' lang='lat' dir='ltr'>eius</span> 
     </span>
    </p>

    <p class='ocr_par' dir='ltr' id='par_1_3' title="bbox 16 427 1380 589">
     <span class='ocr_line' id='line_1_6' title="bbox 16 427 1380 481; baseline 0.001 -15"><span class='ocrx_word' id='word_1_43' title='bbox 16 444 32 470; x_wconf 78' lang='lat'>5</span> <span class='ocrx_word' id='word_1_44' title='bbox 47 439 162 478; x_wconf 83' lang='lat' dir='ltr'>quam</span> <span class='ocrx_word' id='word_1_45' title='bbox 183 428 337 468; x_wconf 79' lang='lat' dir='ltr'>fortuna</span> <span class='ocrx_word' id='word_1_46' title='bbox 353 429 521 479; x_wconf 90' lang='lat' dir='ltr'>petunda</span> <span class='ocrx_word' id='word_1_47' title='bbox 543 433 636 468; x_wconf 88' lang='lat' dir='ltr'>erat.</span> <span class='ocrx_word' id='word_1_48' title='bbox 677 427 851 472; x_wconf 85' lang='lat' dir='ltr'>Quorum</span> <span class='ocrx_word' id='word_1_49' title='bbox 871 430 1097 479; x_wconf 87' lang='lat' dir='ltr'>progeniem</span> <span class='ocrx_word' id='word_1_50' title='bbox 1113 441 1192 474; x_wconf 83' lang='lat' dir='ltr'>vos,</span> <span class='ocrx_word' id='word_1_51' title='bbox 1215 434 1345 481; x_wconf 89' lang='lat' dir='ltr'>patres</span> <span class='ocrx_word' id='word_1_52' title='bbox 1358 435 1380 468; x_wconf 83' lang='grc'>6</span> 
     </span>
     <span class='ocr_line' id='line_1_7' title="bbox 47 483 1346 534; baseline 0.001 -12"><span class='ocrx_word' id='word_1_53' title='bbox 47 484 266 534; x_wconf 82' lang='lat' dir='ltr'>conscripti,</span> <span class='ocrx_word' id='word_1_54' title='bbox 280 484 397 523; x_wconf 87' lang='lat' dir='ltr'>nolite</span> <span class='ocrx_word' id='word_1_55' title='bbox 415 485 492 534; x_wconf 91' lang='lat' dir='ltr'>pati</span> <span class='ocrx_word' id='word_1_56' title='bbox 507 496 580 528; x_wconf 88' lang='lat' dir='ltr'>me,</span> <span class='ocrx_word' id='word_1_57' title='bbox 600 489 780 534; x_wconf 81' lang='lat' dir='ltr'>nepotem</span> <span class='ocrx_word' id='word_1_58' title='bbox 796 483 1028 528; x_wconf 82' lang='lat' dir='ltr'>Masinissae,</span> <span class='ocrx_word' id='word_1_59' title='bbox 1043 484 1185 524; x_wconf 84' lang='lat' dir='ltr'>frustra</span> <span class='ocrx_word' id='word_1_60' title='bbox 1202 497 1222 524; x_wconf 89' lang='lat' dir='ltr'>a</span> <span class='ocrx_word' id='word_1_61' title='bbox 1237 484 1346 523; x_wconf 85' lang='lat' dir='ltr'>vobis</span> 
     </span>
     <span class='ocr_line' id='line_1_8' title="bbox 45 538 392 589; baseline 0 -12"><span class='ocrx_word' id='word_1_62' title='bbox 45 538 227 578; x_wconf 85' lang='lat' dir='ltr'>auxilium</span> <span class='ocrx_word' id='word_1_63' title='bbox 247 545 392 589; x_wconf 87' lang='lat' dir='ltr'>petere.</span> 
     </span>
    </p>

    <p class='ocr_par' dir='ltr' id='par_1_4' title="bbox 45 593 1378 701">
     <span class='ocr_line' id='line_1_9' title="bbox 158 593 1378 646; baseline 0.002 -13"><span class='ocrx_word' id='word_1_64' title='bbox 158 593 198 633; x_wconf 90' lang='lat' dir='ltr'>Si</span> <span class='ocrx_word' id='word_1_65' title='bbox 219 594 266 633; x_wconf 90' lang='lat' dir='ltr'>ad</span> <span class='ocrx_word' id='word_1_66' title='bbox 287 595 559 645; x_wconf 89' lang='lat' dir='ltr'>inpetrandum</span> <span class='ocrx_word' id='word_1_67' title='bbox 589 594 683 632; x_wconf 88' lang='lat' dir='ltr'>nihil</span> <span class='ocrx_word' id='word_1_68' title='bbox 716 606 858 633; x_wconf 84' lang='lat' dir='ltr'>causae</span> <span class='ocrx_word' id='word_1_69' title='bbox 894 594 1079 634; x_wconf 87' lang='lat' dir='ltr'>haberem</span> <span class='ocrx_word' id='word_1_70' title='bbox 1101 601 1255 646; x_wconf 87' lang='lat' dir='ltr'>praeter</span> <span class='ocrx_word' id='word_1_71' title='bbox 1275 596 1345 634; x_wconf 93' lang='lat' dir='ltr'>mi·</span> <span class='ocrx_word' id='word_1_72' title='bbox 1359 604 1378 636; x_wconf 87' lang='lat'><strong>7</strong></span> 
     </span>
     <span class='ocr_line' id='line_1_10' title="bbox 45 649 1347 701; baseline 0.002 -13"><span class='ocrx_word' id='word_1_73' title='bbox 45 649 250 688; x_wconf 86' lang='lat' dir='ltr'>serandam</span> <span class='ocrx_word' id='word_1_74' title='bbox 267 649 473 694; x_wconf 83' lang='lat' dir='ltr'>fortunam,</span> <span class='ocrx_word' id='word_1_75' title='bbox 496 650 599 701; x_wconf 88' lang='lat' dir='ltr'>quod</span> <span class='ocrx_word' id='word_1_76' title='bbox 620 649 733 699; x_wconf 90' lang='lat' dir='ltr'>paulo</span> <span class='ocrx_word' id='word_1_77' title='bbox 755 655 842 688; x_wconf 89' lang='lat' dir='ltr'>ante</span> <span class='ocrx_word' id='word_1_78' title='bbox 861 661 929 688; x_wconf 84' lang='lat' dir='ltr'>rex</span> <span class='ocrx_word' id='word_1_79' title='bbox 951 661 1093 699; x_wconf 82' lang='lat' dir='ltr'>genere</span> <span class='ocrx_word' id='word_1_80' title='bbox 1111 651 1210 689; x_wconf 81' lang='lat' dir='ltr'>sama</span> <span class='ocrx_word' id='word_1_81' title='bbox 1233 656 1347 701; x_wconf 88' lang='lat' dir='ltr'>atque</span> 
     </span>
    </p>

    <p class='ocr_par' dir='ltr' id='par_1_5' title="bbox 1 705 1384 977">
     <span class='ocr_line' id='line_1_11' title="bbox 1 705 1347 756; baseline 0.001 -13"><span class='ocrx_word' id='word_1_82' title='bbox 1 722 34 749; x_wconf 66' lang='grc' dir='ltr'>ιο</span> <span class='ocrx_word' id='word_1_83' title='bbox 46 705 166 754; x_wconf 88' lang='lat' dir='ltr'>copiis</span> <span class='ocrx_word' id='word_1_84' title='bbox 187 710 343 755; x_wconf 92' lang='lat' dir='ltr'>potens,</span> <span class='ocrx_word' id='word_1_85' title='bbox 387 717 491 744; x_wconf 87' lang='lat' dir='ltr'>nunc</span> <span class='ocrx_word' id='word_1_86' title='bbox 525 705 763 744; x_wconf 81' lang='lat' dir='ltr'>deformatus</span> <span class='ocrx_word' id='word_1_87' title='bbox 801 707 1016 749; x_wconf 88' lang='lat' dir='ltr'>aerumnis,</span> <span class='ocrx_word' id='word_1_88' title='bbox 1056 707 1167 756; x_wconf 89' lang='lat' dir='ltr'>inops</span> <span class='ocrx_word' id='word_1_89' title='bbox 1204 705 1347 744; x_wconf 86' lang='lat' dir='ltr'>alienas</span> 
     </span>
     <span class='ocr_line' id='line_1_12' title="bbox 46 760 1346 811; baseline 0.001 -13"><span class='ocrx_word' id='word_1_90' title='bbox 46 771 139 810; x_wconf 89' lang='lat' dir='ltr'>opes</span> <span class='ocrx_word' id='word_1_91' title='bbox 169 765 340 810; x_wconf 88' lang='lat' dir='ltr'>expecto,</span> <span class='ocrx_word' id='word_1_92' title='bbox 363 765 490 799; x_wconf 88' lang='lat' dir='ltr'>tamen</span> <span class='ocrx_word' id='word_1_93' title='bbox 523 765 606 799; x_wconf 83' lang='lat' dir='ltr'>erat</span> <span class='ocrx_word' id='word_1_94' title='bbox 626 761 833 798; x_wconf 87' lang='lat' dir='ltr'>maiestatis</span> <span class='ocrx_word' id='word_1_95' title='bbox 862 760 995 811; x_wconf 88' lang='lat' dir='ltr'>populi</span> <span class='ocrx_word' id='word_1_96' title='bbox 1023 760 1186 799; x_wconf 85' lang='lat' dir='ltr'>Romani</span> <span class='ocrx_word' id='word_1_97' title='bbox 1216 760 1346 811; x_wconf 90' lang='lat' dir='ltr'>prohi-</span> 
     </span>
     <span class='ocr_line' id='line_1_13' title="bbox 47 815 1347 867; baseline 0.002 -14"><span class='ocrx_word' id='word_1_98' title='bbox 47 815 140 854; x_wconf 88' lang='lat' dir='ltr'>bere</span> <span class='ocrx_word' id='word_1_99' title='bbox 159 816 336 855; x_wconf 87' lang='lat' dir='ltr'>iniuriam</span> <span class='ocrx_word' id='word_1_100' title='bbox 358 827 483 867; x_wconf 88' lang='lat' dir='ltr'>neque</span> <span class='ocrx_word' id='word_1_101' title='bbox 506 817 584 867; x_wconf 86' lang='lat' dir='ltr'>pati</span> <span class='ocrx_word' id='word_1_102' title='bbox 606 816 831 866; x_wconf 88' lang='lat' dir='ltr'>cuiusquam</span> <span class='ocrx_word' id='word_1_103' title='bbox 846 827 1011 865; x_wconf 88' lang='lat' dir='ltr'>regnum</span> <span class='ocrx_word' id='word_1_104' title='bbox 1029 828 1098 866; x_wconf 90' lang='lat' dir='ltr'>per</span> <span class='ocrx_word' id='word_1_105' title='bbox 1119 816 1244 855; x_wconf 71' lang='lat' dir='ltr'>scelus</span> <span class='ocrx_word' id='word_1_106' title='bbox 1263 829 1347 856; x_wconf 89' lang='lat' dir='ltr'>cre-</span> 
     </span>
     <span class='ocr_line' id='line_1_14' title="bbox 45 871 1384 922; baseline 0.001 -14"><span class='ocrx_word' id='word_1_107' title='bbox 45 881 167 910; x_wconf 90' lang='lat' dir='ltr'>scere.</span> <span class='ocrx_word' id='word_1_108' title='bbox 208 871 352 910; x_wconf 88' lang='lat' dir='ltr'>Verum</span> <span class='ocrx_word' id='word_1_109' title='bbox 373 883 444 922; x_wconf 88' lang='lat' dir='ltr'>ego</span> <span class='ocrx_word' id='word_1_110' title='bbox 476 872 530 910; x_wconf 89' lang='lat' dir='ltr'>eis</span> <span class='ocrx_word' id='word_1_111' title='bbox 552 871 693 909; x_wconf 87' lang='lat' dir='ltr'>finibus</span> <span class='ocrx_word' id='word_1_112' title='bbox 716 872 861 910; x_wconf 86' lang='lat' dir='ltr'>eiectus</span> <span class='ocrx_word' id='word_1_113' title='bbox 884 882 989 916; x_wconf 86' lang='lat' dir='ltr'>sum,</span> <span class='ocrx_word' id='word_1_114' title='bbox 1021 883 1117 922; x_wconf 88' lang='lat' dir='ltr'>quos</span> <span class='ocrx_word' id='word_1_115' title='bbox 1137 871 1348 910; x_wconf 88' lang='lat' dir='ltr'>maioribus</span> <span class='ocrx_word' id='word_1_116' title='bbox 1363 883 1384 916; x_wconf 90' lang='lat'>8</span> 
     </span>
     <span class='ocr_line' id='line_1_15' title="bbox 46 926 1346 977; baseline 0.001 -13"><span class='ocrx_word' id='word_1_117' title='bbox 46 927 142 965; x_wconf 88' lang='lat' dir='ltr'>meis</span> <span class='ocrx_word' id='word_1_118' title='bbox 161 926 328 977; x_wconf 89' lang='lat' dir='ltr'>populus</span> <span class='ocrx_word' id='word_1_119' title='bbox 351 926 549 966; x_wconf 90' lang='lat' dir='ltr'>Romanus</span> <span class='ocrx_word' id='word_1_120' title='bbox 570 926 685 970; x_wconf 85' lang='lat' dir='ltr'>dedit,</span> <span class='ocrx_word' id='word_1_121' title='bbox 711 926 813 965; x_wconf 92' lang='lat' dir='ltr'>unde</span> <span class='ocrx_word' id='word_1_122' title='bbox 841 932 951 976; x_wconf 88' lang='lat' dir='ltr'>pater</span> <span class='ocrx_word' id='word_1_123' title='bbox 976 932 1013 966; x_wconf 91' lang='lat' dir='ltr'>et</span> <span class='ocrx_word' id='word_1_124' title='bbox 1032 939 1121 965; x_wconf 84' lang='lat' dir='ltr'>avos</span> <span class='ocrx_word' id='word_1_125' title='bbox 1141 938 1250 966; x_wconf 90' lang='lat' dir='ltr'>meus</span> <span class='ocrx_word' id='word_1_126' title='bbox 1272 939 1346 965; x_wconf 88' lang='lat' dir='ltr'>una</span> 
     </span>
    </p>

    <p class='ocr_par' dir='ltr' id='par_1_6' title="bbox 0 980 1347 1142">
     <span class='ocr_line' id='line_1_16' title="bbox 0 980 1347 1032; baseline 0.001 -13"><span class='ocrx_word' id='word_1_127' title='bbox 0 999 33 1026; x_wconf 68' lang='lat'>¹³</span> <span class='ocrx_word' id='word_1_128' title='bbox 49 980 244 1021; x_wconf 81' lang='lat' dir='ltr'>vobiscum</span> <span class='ocrx_word' id='word_1_129' title='bbox 268 982 450 1032; x_wconf 82' lang='lat' dir='ltr'>expulere</span> <span class='ocrx_word' id='word_1_130' title='bbox 471 982 650 1021; x_wconf 84' lang='lat' dir='ltr'>Susacem</span> <span class='ocrx_word' id='word_1_131' title='bbox 682 986 718 1020; x_wconf 90' lang='lat' dir='ltr'>et</span> <span class='ocrx_word' id='word_1_132' title='bbox 740 981 1074 1031; x_wconf 83' lang='lat' dir='ltr'>Carthaginiensis.</span> <span class='ocrx_word' id='word_1_133' title='bbox 1118 982 1255 1021; x_wconf 89' lang='lat' dir='ltr'>Vostra</span> <span class='ocrx_word' id='word_1_134' title='bbox 1280 982 1347 1021; x_wconf 90' lang='lat' dir='ltr'>be-</span> 
     </span>
     <span class='ocr_line' id='line_1_17' title="bbox 47 1037 1347 1089; baseline 0.001 -14"><span class='ocrx_word' id='word_1_135' title='bbox 47 1037 173 1076; x_wconf 88' lang='lat' dir='ltr'>nificia</span> <span class='ocrx_word' id='word_1_136' title='bbox 194 1037 286 1075; x_wconf 91' lang='lat' dir='ltr'>mihi</span> <span class='ocrx_word' id='word_1_137' title='bbox 309 1043 440 1089; x_wconf 87' lang='lat' dir='ltr'>erepta</span> <span class='ocrx_word' id='word_1_138' title='bbox 461 1043 561 1082; x_wconf 88' lang='lat' dir='ltr'>sunt,</span> <span class='ocrx_word' id='word_1_139' title='bbox 584 1043 714 1087; x_wconf 89' lang='lat' dir='ltr'>patres</span> <span class='ocrx_word' id='word_1_140' title='bbox 735 1038 1026 1088; x_wconf 81' lang='lat' dir='ltr'>conscripti,vos</span> <span class='ocrx_word' id='word_1_141' title='bbox 1048 1038 1084 1075; x_wconf 93' lang='lat' dir='ltr'>in</span> <span class='ocrx_word' id='word_1_142' title='bbox 1106 1049 1189 1076; x_wconf 85' lang='lat' dir='ltr'>mea</span> <span class='ocrx_word' id='word_1_143' title='bbox 1211 1038 1347 1076; x_wconf 88' lang='lat' dir='ltr'>iniuria</span> 
     </span>
     <span class='ocr_line' id='line_1_18' title="bbox 47 1092 332 1142; baseline 0 -12"><span class='ocrx_word' id='word_1_144' title='bbox 47 1092 215 1142; x_wconf 80' lang='lat' dir='ltr'>despecti</span> <span class='ocrx_word' id='word_1_145' title='bbox 232 1094 332 1131; x_wconf 86' lang='lat' dir='ltr'>estis.</span> 
     </span>
    </p>

    <p class='ocr_par' dir='ltr' id='par_1_7' title="bbox 47 1147 1383 1254">
     <span class='ocr_line' id='line_1_19' title="bbox 160 1147 1383 1197; baseline 0.001 -10"><span class='ocrx_word' id='word_1_146' title='bbox 160 1147 269 1187; x_wconf 88' lang='lat' dir='ltr'>Eheu</span> <span class='ocrx_word' id='word_1_147' title='bbox 300 1160 362 1187; x_wconf 92' lang='lat' dir='ltr'>me</span> <span class='ocrx_word' id='word_1_148' title='bbox 393 1149 596 1186; x_wconf 87' lang='lat' dir='ltr'>miserum!</span> <span class='ocrx_word' id='word_1_149' title='bbox 650 1147 810 1191; x_wconf 89' lang='lat' dir='ltr'>Hucine,</span> <span class='ocrx_word' id='word_1_150' title='bbox 841 1147 995 1197; x_wconf 82' lang='lat' dir='ltr'>Miclpsa</span> <span class='ocrx_word' id='word_1_151' title='bbox 1020 1152 1142 1197; x_wconf 82' lang='lat' dir='ltr'>pater,</span> <span class='ocrx_word' id='word_1_152' title='bbox 1173 1147 1383 1189; x_wconf 71' lang='lat' dir='ltr'>benificiao</span> 
     </span>
     <span class='ocr_line' id='line_1_20' title="bbox 47 1202 1348 1254; baseline -0.001 -12"><span class='ocrx_word' id='word_1_153' title='bbox 47 1207 112 1242; x_wconf 88' lang='lat' dir='ltr'>tua</span> <span class='ocrx_word' id='word_1_154' title='bbox 135 1215 314 1247; x_wconf 89' lang='lat' dir='ltr'>evasere,</span> <span class='ocrx_word' id='word_1_155' title='bbox 338 1208 381 1242; x_wconf 90' lang='lat' dir='ltr'>ut</span> <span class='ocrx_word' id='word_1_156' title='bbox 401 1215 515 1254; x_wconf 89' lang='lat' dir='ltr'>quem</span> <span class='ocrx_word' id='word_1_157' title='bbox 539 1209 581 1241; x_wconf 90' lang='lat' dir='ltr'>tu</span> <span class='ocrx_word' id='word_1_158' title='bbox 605 1215 738 1253; x_wconf 90' lang='lat' dir='ltr'>parem</span> <span class='ocrx_word' id='word_1_159' title='bbox 760 1214 848 1241; x_wconf 92' lang='lat' dir='ltr'>cum</span> <span class='ocrx_word' id='word_1_160' title='bbox 870 1202 1002 1241; x_wconf 89' lang='lat' dir='ltr'>liberis</span> <span class='ocrx_word' id='word_1_161' title='bbox 1024 1202 1136 1254; x_wconf 88' lang='lat' dir='ltr'>[tuis]</span> <span class='ocrx_word' id='word_1_162' title='bbox 1161 1204 1348 1253; x_wconf 85' lang='lat' dir='ltr'>regnique</span> 
     </span>
    </p>

    <p class='ocr_par' dir='ltr' id='par_1_8' title="bbox 0 1258 1408 2249">
     <span class='ocr_line' id='line_1_21' title="bbox 0 1258 1348 1310; baseline -0.001 -13"><span class='ocrx_word' id='word_1_163' title='bbox 0 1279 37 1306; x_wconf 82' lang='lat'>²⁰</span> <span class='ocrx_word' id='word_1_164' title='bbox 50 1259 276 1310; x_wconf 86' lang='lat' dir='ltr'>participem</span> <span class='ocrx_word' id='word_1_165' title='bbox 299 1259 438 1303; x_wconf 83' lang='lat' dir='ltr'>fecisti,</span> <span class='ocrx_word' id='word_1_166' title='bbox 472 1259 503 1296; x_wconf 89' lang='lat' dir='ltr'>is</span> <span class='ocrx_word' id='word_1_167' title='bbox 529 1260 784 1308; x_wconf 86' lang='lat' dir='ltr'>potissumum</span> <span class='ocrx_word' id='word_1_168' title='bbox 807 1259 934 1307; x_wconf 87' lang='lat' dir='ltr'>stirpis</span> <span class='ocrx_word' id='word_1_169' title='bbox 955 1263 1043 1297; x_wconf 88' lang='lat' dir='ltr'>tuae</span> <span class='ocrx_word' id='word_1_170' title='bbox 1065 1259 1255 1297; x_wconf 82' lang='lat' dir='ltr'>extinctor</span> <span class='ocrx_word' id='word_1_171' title='bbox 1279 1258 1348 1296; x_wconf 66' lang='lat' dir='ltr'>sit?</span> 
     </span>
     <span class='ocr_line' id='line_1_22' title="bbox 48 1313 1348 1365; baseline -0.002 -12"><span class='ocrx_word' id='word_1_172' title='bbox 48 1313 266 1365; x_wconf 86' lang='lat' dir='ltr'>Numquam</span> <span class='ocrx_word' id='word_1_173' title='bbox 289 1325 382 1363; x_wconf 81' lang='lat' dir='ltr'>ergo</span> <span class='ocrx_word' id='word_1_174' title='bbox 403 1313 542 1352; x_wconf 74' lang='lat' dir='ltr'>familia</span> <span class='ocrx_word' id='word_1_175' title='bbox 565 1320 695 1352; x_wconf 89' lang='lat' dir='ltr'>nostra</span> <span class='ocrx_word' id='word_1_176' title='bbox 713 1315 840 1364; x_wconf 81' lang='lat' dir='ltr'>quieta</span> <span class='ocrx_word' id='word_1_177' title='bbox 861 1313 956 1351; x_wconf 76' lang='lat' dir='ltr'>erit?</span> <span class='ocrx_word' id='word_1_178' title='bbox 977 1325 1182 1364; x_wconf 87' lang='lat' dir='ltr'>semperne</span> <span class='ocrx_word' id='word_1_179' title='bbox 1202 1314 1240 1352; x_wconf 91' lang='lat' dir='ltr'>in</span> <span class='ocrx_word' id='word_1_180' title='bbox 1261 1325 1348 1352; x_wconf 86' lang='lat' dir='ltr'>san-</span> 
     </span>
     <span class='ocr_line' id='line_1_23' title="bbox 49 1367 1405 1419; baseline 0.002 -12"><span class='ocrx_word' id='word_1_181' title='bbox 49 1370 164 1419; x_wconf 88' lang='lat' dir='ltr'>guine</span> <span class='ocrx_word' id='word_1_182' title='bbox 188 1369 294 1408; x_wconf 80' lang='lat' dir='ltr'>ferro</span> <span class='ocrx_word' id='word_1_183' title='bbox 319 1370 407 1419; x_wconf 85' lang='lat' dir='ltr'>suga</span> <span class='ocrx_word' id='word_1_184' title='bbox 436 1369 680 1408; x_wconf 75' lang='lat' dir='ltr'>vorsabitur?</span> <span class='ocrx_word' id='word_1_185' title='bbox 728 1368 825 1407; x_wconf 87' lang='lat' dir='ltr'>Dum</span> <span class='ocrx_word' id='word_1_186' title='bbox 848 1368 1181 1417; x_wconf 78' lang='lat' dir='ltr'>Carthaginienses</span> <span class='ocrx_word' id='word_1_187' title='bbox 1202 1367 1348 1408; x_wconf 89' lang='lat' dir='ltr'>incolu-</span> <span class='ocrx_word' id='word_1_188' title='bbox 1366 1377 1405 1410; x_wconf 88' lang='grc'>10</span> 
     </span>
     <span class='ocr_line' id='line_1_24' title="bbox 48 1423 1349 1474; baseline 0 -11"><span class='ocrx_word' id='word_1_189' title='bbox 48 1435 131 1463; x_wconf 90' lang='lat' dir='ltr'>mes</span> <span class='ocrx_word' id='word_1_190' title='bbox 154 1424 274 1469; x_wconf 88' lang='lat' dir='ltr'>suere,</span> <span class='ocrx_word' id='word_1_191' title='bbox 308 1426 392 1463; x_wconf 87' lang='lat' dir='ltr'>iure</span> <span class='ocrx_word' id='word_1_192' title='bbox 414 1425 541 1462; x_wconf 87' lang='lat' dir='ltr'>omnia</span> <span class='ocrx_word' id='word_1_193' title='bbox 562 1436 673 1463; x_wconf 77' lang='lat' dir='ltr'>saeva</span> <span class='ocrx_word' id='word_1_194' title='bbox 702 1423 964 1474; x_wconf 84' lang='lat' dir='ltr'>patiebamur:</span> <span class='ocrx_word' id='word_1_195' title='bbox 998 1424 1128 1462; x_wconf 90' lang='lat' dir='ltr'>hostes</span> <span class='ocrx_word' id='word_1_196' title='bbox 1147 1423 1194 1462; x_wconf 88' lang='lat' dir='ltr'>ab</span> <span class='ocrx_word' id='word_1_197' title='bbox 1217 1423 1349 1468; x_wconf 88' lang='lat' dir='ltr'>latere,</span> 
     </span>
     <span class='ocr_line' id='line_1_25' title="bbox 49 1478 1351 1530; baseline -0.001 -12"><span class='ocrx_word' id='word_1_198' title='bbox 49 1492 116 1518; x_wconf 73' lang='lat' dir='ltr'>vos</span> <span class='ocrx_word' id='word_1_199' title='bbox 149 1481 260 1518; x_wconf 86' lang='lat' dir='ltr'>amici</span> <span class='ocrx_word' id='word_1_200' title='bbox 280 1479 435 1530; x_wconf 80' lang='lat' dir='ltr'>procul,</span> <span class='ocrx_word' id='word_1_201' title='bbox 467 1491 556 1530; x_wconf 90' lang='lat' dir='ltr'>spes</span> <span class='ocrx_word' id='word_1_202' title='bbox 581 1481 704 1517; x_wconf 90' lang='lat' dir='ltr'>omnis</span> <span class='ocrx_word' id='word_1_203' title='bbox 727 1480 763 1516; x_wconf 91' lang='lat' dir='ltr'>in</span> <span class='ocrx_word' id='word_1_204' title='bbox 786 1479 902 1516; x_wconf 80' lang='lat' dir='ltr'>armis</span> <span class='ocrx_word' id='word_1_205' title='bbox 922 1483 1015 1517; x_wconf 88' lang='lat' dir='ltr'>erat.</span> <span class='ocrx_word' id='word_1_206' title='bbox 1060 1479 1267 1529; x_wconf 87' lang='lat' dir='ltr'>Postquam</span> <span class='ocrx_word' id='word_1_207' title='bbox 1290 1478 1351 1517; x_wconf 80' lang='lat' dir='ltr'>illa</span> 
     </span>
     <span class='ocr_line' id='line_1_26' title="bbox 3 1533 1351 1586; baseline -0.001 -12"><span class='ocrx_word' id='word_1_208' title='bbox 3 1536 165 1586; x_wconf 58' lang='lat' dir='ltr'>„pestis</span> <span class='ocrx_word' id='word_1_209' title='bbox 192 1547 237 1574; x_wconf 83' lang='lat' dir='ltr'>ex</span> <span class='ocrx_word' id='word_1_210' title='bbox 258 1535 386 1574; x_wconf 81' lang='lat' dir='ltr'>Africa</span> <span class='ocrx_word' id='word_1_211' title='bbox 414 1535 532 1573; x_wconf 90' lang='lat' dir='ltr'>eiecta</span> <span class='ocrx_word' id='word_1_212' title='bbox 555 1540 622 1578; x_wconf 87' lang='lat' dir='ltr'>est,</span> <span class='ocrx_word' id='word_1_213' title='bbox 650 1533 738 1573; x_wconf 89' lang='lat' dir='ltr'>laeti</span> <span class='ocrx_word' id='word_1_214' title='bbox 759 1545 894 1584; x_wconf 86' lang='lat' dir='ltr'>pacem</span> <span class='ocrx_word' id='word_1_215' title='bbox 920 1533 1177 1583; x_wconf 87' lang='lat' dir='ltr'>agitabamus,</span> <span class='ocrx_word' id='word_1_216' title='bbox 1209 1535 1351 1585; x_wconf 83' lang='lat' dir='ltr'>quippe</span> 
     </span>
     <span class='ocr_line' id='line_1_27' title="bbox 50 1588 1404 1641; baseline 0.001 -12"><span class='ocrx_word' id='word_1_217' title='bbox 50 1591 136 1641; x_wconf 88' lang='lat' dir='ltr'>quis</span> <span class='ocrx_word' id='word_1_218' title='bbox 156 1590 276 1629; x_wconf 89' lang='lat' dir='ltr'>hostis</span> <span class='ocrx_word' id='word_1_219' title='bbox 297 1590 425 1629; x_wconf 88' lang='lat' dir='ltr'>nullus</span> <span class='ocrx_word' id='word_1_220' title='bbox 446 1594 539 1634; x_wconf 88' lang='lat' dir='ltr'>erat,</span> <span class='ocrx_word' id='word_1_221' title='bbox 562 1590 633 1628; x_wconf 84' lang='lat' dir='ltr'>nisi</span> <span class='ocrx_word' id='word_1_222' title='bbox 653 1589 752 1628; x_wconf 85' lang='lat' dir='ltr'>sorte</span> <span class='ocrx_word' id='word_1_223' title='bbox 775 1601 889 1639; x_wconf 89' lang='lat' dir='ltr'>quem</span> <span class='ocrx_word' id='word_1_224' title='bbox 910 1600 977 1626; x_wconf 80' lang='lat' dir='ltr'>vos</span> <span class='ocrx_word' id='word_1_225' title='bbox 999 1589 1214 1628; x_wconf 86' lang='lat' dir='ltr'>iussissetis.</span> <span class='ocrx_word' id='word_1_226' title='bbox 1249 1588 1349 1629; x_wconf 79' lang='lat' dir='ltr'>Ecce</span> <span class='ocrx_word' id='word_1_227' title='bbox 1365 1597 1404 1630; x_wconf 90' lang='lat'>11</span> 
     </span>
     <span class='ocr_line' id='line_1_28' title="bbox 51 1643 1351 1696; baseline 0 -12"><span class='ocrx_word' id='word_1_228' title='bbox 51 1651 179 1685; x_wconf 87' lang='lat' dir='ltr'>autem</span> <span class='ocrx_word' id='word_1_229' title='bbox 209 1658 254 1685; x_wconf 89' lang='lat' dir='ltr'>ex</span> <span class='ocrx_word' id='word_1_230' title='bbox 278 1646 474 1696; x_wconf 78' lang='lat' dir='ltr'>inproviso</span> <span class='ocrx_word' id='word_1_231' title='bbox 499 1644 698 1695; x_wconf 86' lang='lat' dir='ltr'>Iugurtha,</span> <span class='ocrx_word' id='word_1_232' title='bbox 732 1643 970 1683; x_wconf 87' lang='lat' dir='ltr'>intoleranda</span> <span class='ocrx_word' id='word_1_233' title='bbox 1001 1644 1172 1688; x_wconf 87' lang='lat' dir='ltr'>audacia,</span> <span class='ocrx_word' id='word_1_234' title='bbox 1204 1643 1351 1684; x_wconf 86' lang='lat' dir='ltr'>scelere</span> 
     </span>
     <span class='ocr_line' id='line_1_29' title="bbox 50 1700 1350 1751; baseline -0.002 -11"><span class='ocrx_word' id='word_1_235' title='bbox 50 1706 163 1751; x_wconf 89' lang='lat' dir='ltr'>atque</span> <span class='ocrx_word' id='word_1_236' title='bbox 183 1700 365 1751; x_wconf 88' lang='lat' dir='ltr'>superbia</span> <span class='ocrx_word' id='word_1_237' title='bbox 386 1712 471 1740; x_wconf 90' lang='lat' dir='ltr'>sese</span> <span class='ocrx_word' id='word_1_238' title='bbox 498 1701 695 1743; x_wconf 81' lang='lat' dir='ltr'>ecferens,</span> <span class='ocrx_word' id='word_1_239' title='bbox 722 1700 841 1738; x_wconf 81' lang='lat' dir='ltr'>fratre</span> <span class='ocrx_word' id='word_1_240' title='bbox 858 1711 945 1738; x_wconf 91' lang='lat' dir='ltr'>meo</span> <span class='ocrx_word' id='word_1_241' title='bbox 967 1704 1081 1750; x_wconf 89' lang='lat' dir='ltr'>atque</span> <span class='ocrx_word' id='word_1_242' title='bbox 1103 1700 1239 1739; x_wconf 89' lang='lat' dir='ltr'>eodem</span> <span class='ocrx_word' id='word_1_243' title='bbox 1260 1711 1350 1750; x_wconf 91' lang='lat' dir='ltr'>pro-</span> 
     </span>
     <span class='ocr_line' id='line_1_30' title="bbox 52 1754 1350 1807; baseline -0.001 -13"><span class='ocrx_word' id='word_1_244' title='bbox 52 1757 196 1807; x_wconf 85' lang='lat' dir='ltr'>pinquo</span> <span class='ocrx_word' id='word_1_245' title='bbox 211 1768 281 1795; x_wconf 86' lang='lat' dir='ltr'>suo</span> <span class='ocrx_word' id='word_1_246' title='bbox 301 1756 503 1795; x_wconf 77' lang='lat' dir='ltr'>interfecto</span> <span class='ocrx_word' id='word_1_247' title='bbox 523 1756 690 1806; x_wconf 89' lang='lat' dir='ltr'>primum</span> <span class='ocrx_word' id='word_1_248' title='bbox 713 1766 877 1804; x_wconf 85' lang='lat' dir='ltr'>regnum</span> <span class='ocrx_word' id='word_1_249' title='bbox 897 1756 981 1794; x_wconf 89' lang='lat' dir='ltr'>eius</span> <span class='ocrx_word' id='word_1_250' title='bbox 993 1754 1150 1793; x_wconf 81' lang='lat' dir='ltr'>sceleris</span> <span class='ocrx_word' id='word_1_251' title='bbox 1166 1756 1224 1793; x_wconf 89' lang='lat' dir='ltr'>sui</span> <span class='ocrx_word' id='word_1_252' title='bbox 1238 1766 1350 1804; x_wconf 86' lang='lat' dir='ltr'>prae-</span> 
     </span>
     <span class='ocr_line' id='line_1_31' title="bbox 7 1810 1350 1861; baseline -0.001 -12"><span class='ocrx_word' id='word_1_253' title='bbox 7 1812 140 1850; x_wconf 73' lang='lat' dir='ltr'>sodam</span> <span class='ocrx_word' id='word_1_254' title='bbox 162 1811 261 1856; x_wconf 79' lang='lat' dir='ltr'>fecit,</span> <span class='ocrx_word' id='word_1_255' title='bbox 294 1817 380 1861; x_wconf 90' lang='lat' dir='ltr'>post</span> <span class='ocrx_word' id='word_1_256' title='bbox 406 1811 472 1850; x_wconf 85' lang='lat' dir='ltr'>ubi</span> <span class='ocrx_word' id='word_1_257' title='bbox 494 1823 555 1850; x_wconf 87' lang='lat' dir='ltr'>me</span> <span class='ocrx_word' id='word_1_258' title='bbox 586 1811 729 1849; x_wconf 85' lang='lat' dir='ltr'>eisdem</span> <span class='ocrx_word' id='word_1_259' title='bbox 758 1810 854 1848; x_wconf 85' lang='lat' dir='ltr'>dolis</span> <span class='ocrx_word' id='word_1_260' title='bbox 882 1821 959 1847; x_wconf 90' lang='lat' dir='ltr'>non</span> <span class='ocrx_word' id='word_1_261' title='bbox 982 1810 1063 1860; x_wconf 84' lang='lat' dir='ltr'>quit</span> <span class='ocrx_word' id='word_1_262' title='bbox 1085 1821 1235 1859; x_wconf 84' lang='lat' dir='ltr'>capere,</span> <span class='ocrx_word' id='word_1_263' title='bbox 1258 1810 1350 1848; x_wconf 85' lang='lat' dir='ltr'>nihil</span> 
     </span>
     <span class='ocr_line' id='line_1_32' title="bbox 50 1866 1349 1916; baseline 0 -12"><span class='ocrx_word' id='word_1_264' title='bbox 50 1867 177 1904; x_wconf 87' lang='lat' dir='ltr'>minus</span> <span class='ocrx_word' id='word_1_265' title='bbox 198 1878 313 1916; x_wconf 89' lang='lat' dir='ltr'>quam</span> <span class='ocrx_word' id='word_1_266' title='bbox 332 1867 407 1905; x_wconf 86' lang='lat' dir='ltr'>vim</span> <span class='ocrx_word' id='word_1_267' title='bbox 427 1873 494 1905; x_wconf 91' lang='lat' dir='ltr'>aut</span> <span class='ocrx_word' id='word_1_268' title='bbox 513 1866 656 1905; x_wconf 84' lang='lat' dir='ltr'>bellum</span> <span class='ocrx_word' id='word_1_269' title='bbox 687 1870 953 1915; x_wconf 84' lang='lat' dir='ltr'>expectantem</span> <span class='ocrx_word' id='word_1_270' title='bbox 981 1866 1017 1902; x_wconf 92' lang='lat' dir='ltr'>in</span> <span class='ocrx_word' id='word_1_271' title='bbox 1033 1866 1197 1916; x_wconf 89' lang='lat' dir='ltr'>imperio</span> <span class='ocrx_word' id='word_1_272' title='bbox 1210 1870 1349 1908; x_wconf 86' lang='lat' dir='ltr'>vostro,</span> 
     </span>
     <span class='ocr_line' id='line_1_33' title="bbox 51 1921 1350 1972; baseline 0 -13"><span class='ocrx_word' id='word_1_273' title='bbox 51 1923 150 1960; x_wconf 89' lang='lat' dir='ltr'>sicut</span> <span class='ocrx_word' id='word_1_274' title='bbox 170 1921 322 1965; x_wconf 83' lang='lat' dir='ltr'>videtis,</span> <span class='ocrx_word' id='word_1_275' title='bbox 355 1927 547 1961; x_wconf 87' lang='lat' dir='ltr'>extorrem</span> <span class='ocrx_word' id='word_1_276' title='bbox 578 1922 700 1972; x_wconf 86' lang='lat' dir='ltr'>patria</span> <span class='ocrx_word' id='word_1_277' title='bbox 732 1921 867 1963; x_wconf 88' lang='lat' dir='ltr'>domo,</span> <span class='ocrx_word' id='word_1_278' title='bbox 897 1921 1051 1969; x_wconf 85' lang='lat' dir='ltr'>inopem</span> <span class='ocrx_word' id='word_1_279' title='bbox 1084 1925 1121 1958; x_wconf 91' lang='lat' dir='ltr'>et</span> <span class='ocrx_word' id='word_1_280' title='bbox 1151 1925 1350 1970; x_wconf 90' lang='lat' dir='ltr'>copertum</span> 
     </span>
     <span class='ocr_line' id='line_1_34' title="bbox 52 1976 1350 2026; baseline -0.001 -11"><span class='ocrx_word' id='word_1_281' title='bbox 52 1977 215 2016; x_wconf 89' lang='lat' dir='ltr'>miseriis</span> <span class='ocrx_word' id='word_1_282' title='bbox 242 1977 383 2022; x_wconf 80' lang='lat' dir='ltr'>effecit,</span> <span class='ocrx_word' id='word_1_283' title='bbox 415 1982 457 2016; x_wconf 90' lang='lat' dir='ltr'>ut</span> <span class='ocrx_word' id='word_1_284' title='bbox 478 1977 601 2016; x_wconf 88' lang='lat' dir='ltr'>ubivis</span> <span class='ocrx_word' id='word_1_285' title='bbox 622 1977 740 2015; x_wconf 91' lang='lat' dir='ltr'>tutius</span> <span class='ocrx_word' id='word_1_286' title='bbox 762 1987 876 2026; x_wconf 89' lang='lat' dir='ltr'>quam</span> <span class='ocrx_word' id='word_1_287' title='bbox 900 1976 937 2013; x_wconf 88' lang='lat' dir='ltr'>in</span> <span class='ocrx_word' id='word_1_288' title='bbox 959 1987 1045 2014; x_wconf 87' lang='lat' dir='ltr'>meo</span> <span class='ocrx_word' id='word_1_289' title='bbox 1075 1986 1197 2025; x_wconf 88' lang='lat' dir='ltr'>regno</span> <span class='ocrx_word' id='word_1_290' title='bbox 1214 1986 1350 2015; x_wconf 89' lang='lat' dir='ltr'>essem.</span> 
     </span>
     <span class='ocr_line' id='line_1_35' title="bbox 51 2031 1408 2081; baseline -0.002 -11"><span class='ocrx_word' id='word_1_291' title='bbox 51 2031 134 2080; x_wconf 85' lang='lat' dir='ltr'>Ego</span> <span class='ocrx_word' id='word_1_292' title='bbox 164 2032 220 2070; x_wconf 89' lang='lat' dir='ltr'>sic</span> <span class='ocrx_word' id='word_1_293' title='bbox 251 2032 548 2077; x_wconf 87' lang='lat' dir='ltr'>existumabam‚</span> <span class='ocrx_word' id='word_1_294' title='bbox 573 2036 702 2081; x_wconf 88' lang='lat' dir='ltr'>patres</span> <span class='ocrx_word' id='word_1_295' title='bbox 733 2031 952 2080; x_wconf 85' lang='lat' dir='ltr'>conscripti,</span> <span class='ocrx_word' id='word_1_296' title='bbox 982 2032 1035 2069; x_wconf 90' lang='lat' dir='ltr'>uti</span> <span class='ocrx_word' id='word_1_297' title='bbox 1066 2031 1351 2081; x_wconf 82' lang='lat' dir='ltr'>praedicantem</span> <span class='ocrx_word' id='word_1_298' title='bbox 1370 2037 1408 2068; x_wconf 84' lang='lat'>12</span> 
     </span>
     <span class='ocr_line' id='line_1_36' title="bbox 11 2085 1353 2137; baseline 0 -11"><span class='ocrx_word' id='word_1_299' title='bbox 11 2086 275 2126; x_wconf 68' lang='lat' dir='ltr'>asa11diveram</span> <span class='ocrx_word' id='word_1_300' title='bbox 296 2092 444 2137; x_wconf 83' lang='lat' dir='ltr'>patrem</span> <span class='ocrx_word' id='word_1_301' title='bbox 466 2099 615 2126; x_wconf 89' lang='lat' dir='ltr'>meum:</span> <span class='ocrx_word' id='word_1_302' title='bbox 650 2087 714 2137; x_wconf 86' lang='lat' dir='ltr'>qui</span> <span class='ocrx_word' id='word_1_303' title='bbox 736 2091 903 2124; x_wconf 84' lang='lat' dir='ltr'>vostram</span> <span class='ocrx_word' id='word_1_304' title='bbox 927 2086 1129 2124; x_wconf 89' lang='lat' dir='ltr'>amicitiam</span> <span class='ocrx_word' id='word_1_305' title='bbox 1151 2085 1353 2136; x_wconf 83' lang='lat' dir='ltr'>diligenter</span> 
     </span>
     <span class='ocr_line' id='line_1_37' title="bbox 54 2141 1346 2191; baseline 0.001 -11"><span class='ocrx_word' id='word_1_306' title='bbox 54 2141 245 2187; x_wconf 88' lang='lat' dir='ltr'>colerent,</span> <span class='ocrx_word' id='word_1_307' title='bbox 278 2155 343 2181; x_wconf 84' lang='lat' dir='ltr'>eos</span> <span class='ocrx_word' id='word_1_308' title='bbox 365 2143 526 2181; x_wconf 87' lang='lat' dir='ltr'>multum</span> <span class='ocrx_word' id='word_1_309' title='bbox 540 2142 712 2182; x_wconf 88' lang='lat' dir='ltr'>laborem</span> <span class='ocrx_word' id='word_1_310' title='bbox 735 2142 945 2191; x_wconf 82' lang='lat' dir='ltr'>suscipere,</span> <span class='ocrx_word' id='word_1_311' title='bbox 955 2146 1126 2181; x_wconf 89' lang='lat' dir='ltr'>ceterum</span> <span class='ocrx_word' id='word_1_312' title='bbox 1157 2154 1202 2181; x_wconf 90' lang='lat' dir='ltr'>ex</span> <span class='ocrx_word' id='word_1_313' title='bbox 1226 2143 1346 2181; x_wconf 89' lang='lat' dir='ltr'>omni-</span> 
     </span>
     <span class='ocr_line' id='line_1_38' title="bbox 54 2195 1405 2249; baseline 0.001 -15"><span class='ocrx_word' id='word_1_314' title='bbox 54 2195 128 2235; x_wconf 89' lang='lat' dir='ltr'>bus</span> <span class='ocrx_word' id='word_1_315' title='bbox 151 2208 329 2237; x_wconf 86' lang='lat' dir='ltr'>maxume</span> <span class='ocrx_word' id='word_1_316' title='bbox 356 2204 458 2236; x_wconf 79' lang='lat' dir='ltr'>tutos</span> <span class='ocrx_word' id='word_1_317' title='bbox 479 2210 573 2237; x_wconf 80' lang='lat' dir='ltr'>esse.</span> <span class='ocrx_word' id='word_1_318' title='bbox 620 2197 729 2241; x_wconf 85' lang='lat' dir='ltr'>Quod</span> <span class='ocrx_word' id='word_1_319' title='bbox 754 2198 790 2235; x_wconf 89' lang='lat' dir='ltr'>in</span> <span class='ocrx_word' id='word_1_320' title='bbox 813 2196 952 2235; x_wconf 81' lang='lat' dir='ltr'>familia</span> <span class='ocrx_word' id='word_1_321' title='bbox 974 2202 1103 2235; x_wconf 85' lang='lat' dir='ltr'>nostra</span> <span class='ocrx_word' id='word_1_322' title='bbox 1125 2196 1206 2242; x_wconf 84' lang='lat' dir='ltr'>suit,</span> <span class='ocrx_word' id='word_1_323' title='bbox 1238 2209 1350 2249; x_wconf 88' lang='lat' dir='ltr'>prae·</span> <span class='ocrx_word' id='word_1_324' title='bbox 1368 2206 1405 2238; x_wconf 73' lang='grc'>13</span> 
     </span>
    </p>
   </div>
  </div>
 </body>
</html>
