1537 2512
363 74 418 100 nn
450 73 584 101 BELLo
617 73 881 101 wevra-mmo
912 73 946 100 c.
977 68 1031 104 71.
1061 68 1115 102 72.
1148 68 1202 103 73.
1381 62 1427 101 81

135 172 349 211 cruciatum
377 170 516 210 mallet.
551 171 615 210 Set
637 182 724 210 cum
746 183 813 210 eae
835 170 982 211 litterae
1014 171 1180 217 adlatae,
1210 171 1308 210 sorte
1329 171 1429 211 Nab·
1447 175 1492 212 71

136 225 240 266 dalsa
270 227 437 266 exercito
462 237 626 277 corpore
651 226 773 265 sessus
806 227 844 264 in
874 225 973 265 lecto
995 226 1226 278 quiescebat,
1251 226 1316 266 ubi
1339 238 1429 276 cog·
1446 233 1465 264 2

135 283 224 321 nitis
243 280 467 320 Bomilcaris
491 281 618 320 verbis
640 282 764 332 primo
789 293 892 325 cura,
917 281 1066 326 deinde,
1096 283 1151 321 uti
1170 293 1330 332 aegrum
1353 284 1432 321 ani-

137 348 243 376 mum
269 336 392 381 solet,
424 348 582 375 somnus
611 337 721 387 cepit.
769 335 862 374 Erat
883 338 917 375 ei
938 336 1101 376 Numida
1132 337 1286 388 quidam
1311 341 1466 388 nego-3

105 392 277 432 stiorum
299 396 475 436 curator,
503 391 601 430 fidus
628 396 885 442 acceptusque
917 397 953 430 et
983 393 1154 431 omnium
1187 393 1433 432 consiliorum

135 447 207 486 nisi
227 447 434 486 novissumi
450 448 654 497 particeps.
686 445 758 492 Qui
774 451 977 498 postquam
1000 446 1143 487 adlatas
1163 447 1307 487 litteras
1327 448 1432 487 audi·
1447 455 1468 486 4

134 502 186 540 vit
216 507 254 540 et
283 514 330 541 ex
361 502 638 541 consuetudine
668 507 774 540 ratus
805 513 922 552 opera
952 507 1018 542 aut
1052 503 1203 553 ingenio
1229 514 1299 542 suo
1336 514 1433 553 opus

137 568 220 596 esse
258 558 295 596 in
335 556 628 596 tabernaculum
658 557 821 600 introiit,
863 557 1077 597 dormiente
1115 557 1177 596 illo
1216 557 1431 608 epiStulam,

137 623 254 662 super
286 618 400 663 caput
426 613 464 650 in
495 611 649 663 pulvino
680 618 826 651 temere
857 614 1032 662 positam,
1056 614 1171 652 sumit
1192 625 1235 652 ac
1255 612 1431 663 perlegit,

93 682 122 708 ιο
139 666 226 706 dein
256 678 424 718 propere
454 668 614 717 cognitis
639 667 783 706 insidiis
809 667 856 706 ad
886 679 1018 718 regem
1044 669 1179 719 pergit.
1241 667 1431 707 Nabdalsa
1448 675 1467 706 5

135 721 250 773 paulo
281 728 368 772 post
399 728 670 773 experrectus,
708 722 774 761 ubi
812 734 937 774 neque
969 722 1169 773 epistulam
1197 724 1369 774 repperit
1398 730 1435 762 et

135 789 218 816 rem
242 788 396 816 omnem
417 778 471 816 uti
493 782 573 817 acta
597 783 678 816 erat
698 779 888 827 cognovit,
921 779 1045 829 primo
1066 778 1230 818 indicem
1253 780 1434 830 persequi

136 838 317 877 conatus,
335 837 537 884 postquam
554 832 590 872 id
608 833 750 872 frustra
766 833 854 877 suit,
880 833 1103 884 Iugurtham
1120 833 1296 884 placandi
1312 834 1433 883 gratia

136 887 305 927 adcedit:
336 887 446 932 dicit,
471 900 567 939 quae
592 889 672 939 ipse
695 889 906 938 paravisset
927 889 1072 933 facere,
1104 889 1263 939 perfidia
1287 888 1433 928 clientis

89 958 121 984 15
136 944 194 982 sui
222 948 448 994 praeventa:
474 942 693 983 lacrumans
724 943 936 983 obtestatur
956 956 1026 995 per
1054 945 1255 983 amicitiam
1285 955 1433 995 perque

136 1010 205 1037 sua
234 1002 343 1038 antea
365 998 525 1038 fideliter
545 1004 627 1038 acta
652 1011 699 1038 ne
721 1011 837 1050 super
859 999 921 1038 tali
942 999 1087 1038 scelere
1109 1004 1329 1050 suspectum
1351 1010 1434 1038 sese

135 1053 309 1093 haberet.
367 1054 424 1093 Ad
455 1066 499 1093 ea
526 1066 614 1100 rex,
652 1054 761 1094 aliter
782 1060 895 1105 atque
925 1056 1051 1093 animo
1082 1054 1252 1105 gerebat,
1281 1053 1430 1105 placide
1448 1054 1498 1092 72

138 1109 348 1160 respondit.
381 1109 595 1149 Bomilcare
619 1110 775 1161 aliisque
798 1110 937 1155 multis,
957 1122 1053 1161 quos
1068 1111 1192 1148 socios
1208 1109 1431 1148 insidiarum

140 1169 392 1215 cognoverat,
431 1165 641 1204 intersectis
678 1167 775 1204 iram
813 1165 1078 1216 obpresserat,
1119 1177 1167 1204 ne
1198 1177 1271 1216 qua
1303 1176 1349 1204 ex
1387 1176 1431 1203 eo

88 1235 123 1261 κο
137 1221 291 1270 negotio
316 1220 450 1259 seditio
473 1225 661 1260 oreretur.
704 1220 836 1271 Neque
866 1226 952 1271 post
972 1221 1008 1259 id
1028 1220 1203 1259 locorum
1224 1219 1431 1270 Iugurthae
1447 1224 1467 1255 2

136 1275 216 1315 dies
246 1280 311 1315 aut
349 1287 424 1314 nox
454 1275 530 1314 ulla
561 1276 686 1326 quieta
717 1276 808 1314 fuit:
849 1287 974 1326 neque
1007 1275 1092 1314 loco
1119 1287 1245 1327 neque
1281 1273 1432 1314 mortali

136 1332 314 1381 cuiquam
343 1335 409 1370 aut
437 1332 603 1381 tempori
639 1332 728 1370 satis
759 1330 938 1375 credere,
984 1332 1072 1369 civis
1103 1330 1298 1381 hostisque
1329 1331 1431 1369 iuxta

133 1390 319 1430 metuere,
342 1387 665 1436 circumspectare
690 1387 815 1424 omnia
836 1390 873 1425 et
902 1387 1005 1424 omni
1030 1387 1190 1436 strepitu
1213 1396 1430 1435 pavescere,

134 1440 206 1480 alio
229 1446 343 1491 atque
364 1440 436 1480 alio
456 1440 553 1486 loco,
576 1452 689 1491 saepe
711 1445 842 1479 contra
866 1441 982 1480 decus
1003 1442 1151 1491 regium
1173 1445 1290 1479 noctu
1305 1441 1432 1490 requi-

89 1511 121 1538 τι
136 1508 287 1540 escere,
323 1496 517 1535 interdum
537 1507 671 1534 somno
693 1500 942 1546 experrectus
964 1496 1131 1547 adreptis
1153 1496 1269 1534 armis
1290 1494 1429 1534 tumul-

136 1557 215 1590 tum
245 1551 393 1590 facere:
426 1553 475 1590 ita
503 1550 706 1590 formidine
737 1552 843 1602 quasi
867 1551 1043 1590 vecordia
1076 1552 1272 1601 exagitari.

246 1606 367 1656 Igitur
391 1605 582 1651 Metellus,
614 1606 680 1645 ubi
704 1606 750 1646 de
778 1618 868 1645 casu
895 1606 1120 1645 Bomilcaris
1145 1611 1181 1645 et
1206 1606 1345 1645 indIci0
1362 1608 1485 1656 pa-73

134 1662 272 1700 tefacto
293 1673 338 1700 ex
367 1661 539 1712 perfugis
562 1663 757 1712 cognovit,
787 1673 923 1701 rursus
947 1667 1141 1712 tamquam
1168 1661 1215 1700 ad
1237 1662 1430 1710 integrum

133 1715 277 1756 bellum
306 1721 441 1756 cuncta
471 1722 580 1767 parat
617 1716 857 1768 festinatque.
926 1717 1104 1761 Marium,
1134 1717 1352 1766 fatigantem
1385 1715 1465 1756 de2

86 1772 370 1823 aoprol'ectione
400 1772 513 1810 sInlul
543 1777 580 1811 et
610 1773 770 1811 invisum
802 1777 838 1810 et
868 1771 1070 1811 obsensum
1097 1771 1168 1809 sibi
1187 1782 1324 1821 parum
1352 1770 1431 1809 ido·

134 1838 252 1866 neum
288 1831 413 1871 ratus,
449 1826 604 1866 domum
635 1827 796 1865 dimittit.

245 1881 292 1920 Et
324 1881 468 1920 Romae
498 1881 631 1931 plebes
661 1881 813 1925 litteris,
853 1893 950 1931 quae
981 1881 1027 1920 de
1058 1880 1208 1920 Metello
1238 1892 1283 1919 ac
1313 1879 1466 1919 Marioa

134 1937 272 1975 missae
298 1941 427 1980 erant,
460 1937 621 1985 cognitis
649 1936 787 1975 volenti
817 1938 943 1975 animo
973 1936 1020 1976 de
1050 1935 1240 1975 ambobus
1271 1946 1431 1984 accepe-

134 1997 233 2030 rant.
289 1992 516 2044 Imperatori
549 1989 749 2035 nobilitas,
782 2003 882 2042 quae
913 1995 1024 2030 antea
1057 1990 1188 2029 decori
1219 1991 1309 2031 fuit.
1337 1990 1467 2031 invi-4

88 2063 121 2090 ³⁶
135 2046 218 2086 diae
240 2057 342 2086 esse:
365 2050 402 2084 at
424 2045 474 2083 illi
502 2045 609 2084 alteri
629 2046 783 2096 generis
804 2044 996 2083 humilitas
1015 2043 1184 2084 savorem
1208 2044 1427 2085 addiderat:

136 2108 307 2141 ceterum
335 2101 372 2138 in
403 2105 567 2151 utroque
599 2102 717 2151 magis
741 2099 863 2138 studIa
894 2100 1059 2149 partium
1090 2111 1204 2150 quam
1234 2100 1333 2140 bona
1365 2106 1430 2138 aut

135 2155 232 2196 mala
259 2167 326 2195 sua
359 2155 569 2194 moderata.
611 2156 815 2195 Praeterea
839 2155 1006 2193 seditiosi
1019 2156 1268 2206 magistratus
1283 2153 1467 2205 volgumb

135 2212 347 2262 exagitare,
380 2209 572 2250 Metellum
594 2210 772 2249 omnibus
794 2209 1034 2249 contionibus
1055 2210 1187 2260 capitis
1218 2222 1427 2262 arcessere,

200 2276 375 2310 Slater.
1204 2274 1228 2313 6
