1537 2512
152 95 203 134 32
301 106 357 131 m:
389 104 616 132 clinnum
647 105 965 133 CONIVRAHONR
996 104 1034 132 e.
1065 99 1122 134 53.
1153 97 1209 134 54.
1237 99 1296 134 55.

148 204 346 244 Romanus
376 203 478 242 domi
498 202 748 253 militiaeque,
779 205 877 242 mari
898 209 1012 254 atque
1036 209 1138 241 terra
1166 203 1368 253 praeclara
1393 203 1448 243 sa·

150 260 280 298 cinora
302 258 403 303 fecit,
427 258 527 297 forte
547 257 672 297 lubuit
690 258 911 303 adtendere,
933 271 1032 310 quae
1056 270 1119 297 res
1141 270 1323 298 maxume
1342 263 1448 298 tanta

115 325 134 358 3
149 314 300 364 negotia
320 314 573 352 sustinuisset.
600 314 777 352 Sciebam
797 325 1077 364 saepenumero
1091 325 1209 364 parva
1225 326 1343 353 manu
1359 325 1448 354 cum

149 369 298 418 magnis
318 368 536 418 legionibus
560 369 729 408 hostium
753 370 1011 415 contendisse,
1044 379 1302 418 cognoveram
1321 371 1449 419 parvis

150 425 269 476 copiis
294 423 396 463 bella
417 429 522 474 gesta
548 436 637 463 cum
658 424 849 475 opulentis
868 424 1044 475 regibus,
1068 424 1116 462 ad
1133 423 1208 463 hoc
1228 436 1343 476 saepe
1365 425 1476 464 for-5

150 485 268 518 tunae
290 478 510 518 violentiam
536 479 779 524 toleravisse,
811 480 989 519 facundia
1013 480 1183 519 Graecos
1211 480 1333 529 gloria
1356 480 1448 519 belli

113 547 134 576 4
151 533 278 574 Gallos
302 539 390 573 ante
405 534 601 573 Romanos
625 535 754 574 fuisse.
794 535 849 574 Ac
868 535 962 574 mihi
985 535 1104 574 multa
1126 535 1282 584 agitanti
1299 540 1447 574 consta-

148 589 215 628 bat
234 601 448 640 paucorum
469 591 606 628 civium
630 591 825 640 egregiam
853 591 1033 629 virtutem
1064 595 1201 630 cuncta
1224 591 1447 641 patravisse,

150 656 274 696 eoque
303 644 447 683 factum
476 646 532 683 uti
555 645 702 684 divitias
730 650 949 696 paupertas,
974 645 1258 685 multitudinem
1279 647 1450 695 paucitas

113 704 362 750 5superaret.
422 699 489 738 Set
521 705 725 752 postquam
755 700 847 739 luxu
876 706 990 751 atque
1020 700 1164 740 desidia
1196 701 1326 739 civitas
1357 712 1496 740 con-10

144 761 260 808 rupta
282 761 356 800 est,
379 767 514 794 rursus
534 767 599 794 res
618 755 774 806 publica
794 756 1062 806 magnitudine
1081 770 1150 797 sua
1169 758 1449 808 imperatorum

145 819 259 861 atque
287 811 584 860 magistratuum
614 812 704 850 vitia
741 811 990 857 sustentabat,
1020 825 1084 857 ac,
1123 813 1237 852 sicuti
1271 811 1385 851 effeta
1413 813 1455 851 vi

149 871 366 916 parentum,
393 864 523 903 multis
544 865 836 914 tempestatibus
855 864 949 903 haut
969 876 1060 903 sane
1081 865 1282 916 quisquam
1297 861 1443 902 Romae

111 929 133 961 6
149 922 288 960 virtute
313 930 476 969 magnus
495 919 577 958 fuit.
624 920 690 958 Set
712 920 897 958 memoria
919 931 1004 958 mea
1029 919 1174 970 ingenti
1202 918 1355 962 virtute,
1387 917 1449 956 di-

150 977 272 1014 vorsis
291 975 466 1014 moribus
487 975 596 1014 fuere
623 975 694 1014 viri
714 975 807 1019 duo,
832 975 880 1013 M.
905 974 996 1013 Cato
1022 980 1060 1014 et
1081 975 1125 1014 G.
1149 972 1300 1012 Caesar.
1342 973 1447 1019 Quos
1457 987 1489 1013 15

149 1032 330 1082 quoniam
346 1042 410 1069 res
427 1029 630 1075 obtulerat,
654 1030 804 1069 silentio
818 1031 1031 1080 praeterire
1051 1029 1212 1068 nonfuit
1232 1028 1445 1073 consilium,

149 1087 241 1137 quin
262 1087 462 1136 utriusque
485 1091 663 1125 naturam
683 1090 720 1124 et
739 1097 879 1130 moreS,
898 1090 1084 1136 quantum
1105 1085 1259 1135 ingenio
1279 1095 1446 1134 possem,

150 1141 354 1193 aperirem.

86 1196 135 1234 54
260 1196 382 1247 Igitur
404 1197 457 1236 eis
480 1208 601 1247 genus
625 1202 727 1235 aetas
754 1196 969 1246 eloquentia
990 1207 1111 1246 prope
1133 1194 1304 1246 aequalia
1326 1195 1447 1239 fuere,

115 1259 135 1290 2
150 1252 373 1302 magnitudo
395 1253 510 1291 animi
532 1263 615 1302 par,
647 1253 736 1290 item
766 1251 898 1302 gloria,
930 1256 987 1290 set
1014 1250 1085 1290 alia
1107 1251 1180 1290 alii.
1223 1249 1362 1289 Caesar
1381 1249 1495 1292 be-2o

149 1307 284 1346 nificiis
307 1318 352 1345 ac
373 1307 632 1346 munificentia
661 1319 824 1357 magnus
852 1306 1088 1351 habebatur,
1117 1307 1334 1357 integritate
1353 1306 1450 1344 vitae

150 1362 254 1401 Cato.
285 1361 352 1401 Ille
371 1363 664 1402 mansuetudine
689 1369 726 1401 et
754 1363 1017 1402 misericordia
1040 1362 1167 1401 clarus
1188 1362 1331 1405 factus,
1360 1360 1451 1400 huic

115 1418 332 1457 aseveritas
363 1419 585 1469 dignitatem
615 1418 825 1457 addiderat.
895 1418 1033 1457 Caesar
1060 1418 1185 1457 dando
1214 1416 1450 1456 sublevando

149 1473 409 1524 ignoscundo,
437 1473 527 1513 Cato
552 1473 646 1512 nihil
670 1473 871 1524 largiundo
899 1473 1060 1524 gloriam
1085 1473 1247 1524 adeptus
1277 1478 1345 1511 est.
1406 1471 1449 1510 In

150 1528 271 1568 altero
286 1530 437 1568 miseris
453 1529 672 1579 perfugium
690 1535 783 1574 erat,
805 1530 843 1568 in
859 1529 979 1568 altero
996 1529 1105 1567 malis
1125 1529 1331 1579 pernities:
1348 1526 1448 1567 illius
1460 1538 1493 1563 2⁵

114 1583 326 1627 4sacilitas,
359 1585 473 1623 huius
504 1586 715 1623 constantia
734 1584 973 1624 laudabatur.
1017 1584 1217 1624 Postremo
1242 1583 1382 1623 Caesar
1410 1583 1449 1622 in
1534 1586 1537 1596 “

150 1640 320 1678 animum
342 1640 545 1678 induxerat
566 1639 743 1678 laborare
768 1640 942 1690 vigilare,
974 1640 1136 1690 negotiis
1159 1641 1373 1684 amicorum
1392 1639 1449 1677 in-

150 1698 278 1733 tentus
307 1706 374 1734 sua
406 1695 633 1746 neglegere,
669 1695 761 1733 nihil
797 1697 989 1745 denegare
1020 1695 1122 1745 quod
1151 1696 1252 1734 dono
1288 1695 1446 1745 dignum

152 1754 270 1788 esset:
306 1750 377 1789 sibi
406 1762 588 1801 magnum
610 1752 836 1802 imperium,
869 1752 1099 1794 exercitum,
1136 1751 1279 1790 bellum
1310 1761 1450 1789 novom

120 1814 137 1845 ἰ)
152 1804 379 1854 exoptabat,
411 1805 477 1844 ubi
497 1807 616 1844 virtus
637 1807 847 1845 enitescere
870 1811 1009 1856 posset.
1059 1808 1106 1844 At
1128 1806 1260 1845 Catoni
1282 1806 1450 1845 studium
1463 1819 1498 1847 3ο
1535 1811 1537 1815 “

151 1860 374 1905 modestiae,
398 1861 561 1905 decoris,
588 1866 645 1900 set
667 1874 843 1901 maxume
865 1862 1075 1901 severitatis
1100 1867 1200 1900 erat:
1222 1873 1299 1901 non
1317 1862 1453 1901 divitiis

153 1927 240 1953 cum
272 1916 384 1955 divite
415 1929 540 1967 neque
572 1917 735 1956 factione
768 1930 854 1956 cum
886 1918 1056 1961 factioso,
1089 1922 1148 1956 set
1177 1930 1265 1956 cum
1294 1923 1453 1957 strenuo

155 1971 303 2014 virtute,
323 1984 409 2010 cum
426 1973 600 2011 modesto
618 1973 778 2021 pudore,
796 1985 881 2011 cum
900 1974 1103 2011 innocente
1120 1972 1345 2012 abstinentia
1369 1984 1451 2012 cer-

153 2025 277 2064 tabat:
307 2039 389 2065 esse
417 2040 529 2077 quain
553 2029 670 2066 videri
691 2028 814 2067 bonus
836 2028 1021 2067 malebat:
1046 2030 1116 2071 ita,
1139 2040 1216 2078 quo
1236 2029 1363 2068 minus
1385 2040 1452 2080 pe-

155 2080 259 2120 tebat
288 2081 467 2132 gloriam,
500 2095 544 2121 eo
567 2084 687 2133 magis
713 2083 773 2122 illa
802 2083 1046 2134 sequebatur.
1464 2097 1498 2125 ω
1532 2093 1537 2137 ζ

89 2138 139 2177 55
266 2137 493 2189 Postquain,
526 2145 568 2177 ut
589 2139 688 2181 dixi,
721 2146 875 2178 senatus
896 2141 933 2178 in
956 2139 1108 2178 Catonis
1128 2140 1354 2179 sententiam
1376 2139 1451 2179 dis·
1532 2150 1537 2183 4

156 2193 280 2235 cessit,
311 2192 456 2236 consul.
491 2199 690 2243 optumum
717 2195 817 2234 sactu
844 2200 949 2233 ratus
979 2200 1130 2234 noctem
1164 2207 1260 2246 quae
1290 2195 1454 2235 instabat
1530 2205 1537 2211 ·

157 2251 386 2297 antecapere
419 2260 466 2287 nc
494 2250 584 2299 quid
616 2262 660 2288 eo
681 2252 802 2300 spatio
822 2256 1047 2291 novaretur.
1080 2252 1261 2290 tresviros
1282 2263 1380 2302 quae
1404 2251 1452 2290 ad
