1537 2512
289 101 345 126 m:
375 101 510 128 BELLo
541 101 807 128 IVGVRTHINO
841 101 874 128 c.
908 96 962 131 36.
991 95 1047 130 37.
1083 97 1138 130 38.
1309 89 1355 128 61

69 197 238 248 aliaque,
261 209 358 248 quae
379 197 560 238 militibus
575 199 661 237 usui
682 198 826 242 forent,
850 203 1016 238 maturat
1032 200 1068 237 in
1085 199 1251 238 Africam
1272 210 1362 249 por-

70 258 178 292 tare:
201 264 246 291 ac
265 254 390 291 statim
409 255 491 303 ipse
511 254 728 303 profectus,
761 255 813 292 uti
838 259 925 292 ante
951 255 1119 297 comitia,
1143 253 1246 304 quod
1260 259 1363 305 ,tem-

70 319 142 358 pus
162 307 255 347 haut
273 307 386 358 longe
409 308 561 353 aberat,
584 309 700 346 armis
720 315 784 347 aut
806 309 995 347 deditione
1016 314 1080 347 aut
1097 310 1228 359 quovis
1248 309 1362 347 modo

70 362 215 402 bellum
234 363 454 402 conficeret.
485 363 530 401 At
544 369 677 402 contra
698 363 882 414 Iugurtha
902 364 1058 402 trahere
1071 365 1196 402 omnia
1220 369 1255 403 et
1271 364 1361 402 alias
1375 366 1396 397 2

42 417 209 457 sdeinde
228 417 320 456 alias
349 429 482 457 morae
516 429 651 458 causas
690 419 827 463 facere,
858 418 1291 469 pollicerideditionem
1319 431 1364 457 ac

71 472 208 512 deinde
225 477 370 512 metum
391 473 584 518 simulare,
607 474 744 513 cedere
759 475 912 512 instanti
935 479 971 512 et
997 473 1111 524 paulo
1131 479 1218 524 post
1238 486 1286 513 ne
1306 475 1364 512 sui

70 527 287 567 diffiderent
313 529 474 568 instare:
504 530 552 567 ita
581 528 670 567 belli
696 529 810 567 modo
834 530 948 567 modo
970 530 1074 579 pacis
1095 540 1203 567 mora
1226 541 1362 568 consu-

69 582 146 622 lem
173 582 371 622 ludificari.
430 584 484 623 Ac
516 584 624 622 fuere
657 585 719 634 qui
750 589 830 622 tum
861 584 1040 623 Albinum
1070 584 1162 623 haut
1186 585 1396 634 ignarum3

71 638 204 677 consili
225 640 326 689 regis
350 640 626 678 existumarent
655 651 779 689 neque
811 652 856 678 ex
888 644 988 678 tanta
1021 641 1267 689 properantia
1285 644 1363 677 tam

24 705 57 731 ιο
71 693 179 732 facile
199 698 364 732 tractum
386 693 530 733 bellum
557 694 732 733 socordia
761 695 882 744 magis
903 707 1016 745 quam
1038 694 1124 732 dolo
1146 695 1361 733 crederent.

69 748 137 788 Set
166 754 370 800 postquam
392 748 537 799 dilapso
561 754 733 799 tempore
757 750 999 788 comitiorum
1021 750 1100 788 dies
1124 748 1363 793 adventabat,
1392 761 1395 782 :

69 803 230 843 Albinus
250 804 345 843 Aulo
368 804 487 843 fratre
513 806 551 843 in
575 806 708 843 castris
738 816 808 854 pro
839 809 1019 855 praetore
1049 803 1182 843 relicto
1201 803 1364 843 Romam

69 859 243 898 decessit.

180 915 233 954 Ea
253 919 479 964 tempestate
499 914 644 954 Romae
670 914 920 953 seditionibus
941 915 1155 954 tribuniciis
1183 915 1364 953 atrociter
1379 914 1427 953 37

24 984 56 1010 15
69 981 133 1009 res
153 970 306 1020 publica
334 969 561 1020 agitabatur.
614 970 656 1008 P.
684 970 867 1009 Lucullus
893 975 929 1009 et
951 970 992 1008 L.
1023 971 1189 1014 Annius,
1221 969 1399 1008 tribuni2

68 1024 208 1075 plebei,
236 1025 503 1064 resistentibus
533 1024 702 1075 conlegis
733 1027 956 1064 continuare
979 1026 1243 1075 magistratum
1267 1026 1362 1064 nite-

69 1081 230 1126 bantur,
263 1093 359 1132 quae
386 1080 570 1119 dissensio
599 1082 715 1119 totius
738 1082 828 1119 anni
853 1081 1003 1119 comitia
1031 1080 1260 1131 inpediebat.
1309 1080 1396 1120 Ea3

68 1147 177 1175 mora
192 1137 230 1175 in
250 1148 359 1186 spem
380 1136 568 1175 adductus
587 1135 717 1180 Aulus,
740 1148 854 1186 quem
874 1147 944 1186 pro
965 1141 1145 1186 praetore
1171 1137 1208 1174 in
1231 1136 1365 1174 castris

69 1191 246 1231 relictum
276 1203 391 1241 supra
422 1191 605 1235 diximus,
649 1196 713 1230 aut
742 1191 970 1230 conficiundi
1000 1191 1090 1230 belli
1120 1196 1184 1230 aut
1215 1196 1364 1229 terrore

24 1259 57 1286 20
71 1248 261 1286 exercitus
277 1246 323 1286 ab
347 1258 438 1297 rege
459 1247 645 1297 pecuniae
670 1246 895 1296 capiundae,
918 1246 1055 1284 milites
1075 1258 1207 1285 mense
1230 1246 1364 1284 Ianua·

70 1303 127 1341 rio
151 1314 196 1341 ex
214 1301 387 1341 hibernis
406 1303 442 1340 in
466 1302 746 1351 expeditionem
764 1306 907 1345 evocat,
924 1303 1148 1352 magnisque
1165 1300 1365 1340 itineribus

70 1357 197 1397 hieme
219 1368 354 1407 aspera
376 1358 549 1407 pervenit
579 1357 625 1395 ad
650 1357 833 1407 oppidum
861 1357 1010 1401 Suthul,
1041 1356 1107 1395 ubi
1131 1357 1233 1407 regis
1255 1356 1364 1394 then-

70 1414 175 1452 sauri
198 1418 319 1451 erant.
361 1411 470 1457 Quod
493 1424 726 1462 quamquam
748 1418 784 1450 et
805 1413 955 1450 saevitia
978 1413 1164 1462 temporis
1178 1416 1214 1449 et
1227 1423 1364 1462 oppor·
1378 1420 1399 1451 4

71 1469 231 1507 tunitate
252 1467 326 1506 loci
346 1479 472 1518 neque
497 1468 581 1516 capi
600 1480 726 1518 neque
749 1466 915 1506 obsideri
936 1471 1087 1516 poterat
1111 1489 1156 1494 —
1180 1477 1269 1504 nam
1292 1467 1364 1504 cir-

25 1539 58 1564 25
74 1536 160 1562 cum
182 1535 357 1567 murum,
390 1524 504 1562 situm
530 1523 567 1560 in
597 1523 795 1572 praerupti
821 1523 960 1560 montis
985 1526 1170 1566 extremo,
1192 1521 1366 1571 planities

70 1579 205 1617 limosa
235 1578 492 1617 hiemantibus
522 1579 630 1628 aquis
659 1577 837 1627 paludem
869 1577 1014 1616 fecerat
1043 1600 1111 1620 —,
1145 1581 1271 1615 tamen
1302 1581 1368 1614 aut

71 1633 275 1672 simulandi
297 1635 416 1682 gratia
442 1645 517 1684 quo
539 1633 621 1683 regi
641 1632 885 1671 formidinem
906 1633 1083 1676 adderet,
1105 1637 1170 1671 aut
1190 1631 1367 1681 cupidine

73 1701 211 1728 caecus
228 1688 275 1727 ob
294 1688 524 1728 thensauros
544 1688 672 1738 oppidi
688 1688 873 1738 potiundi,
896 1689 1024 1726 vineas
1044 1698 1160 1737 agere
1185 1697 1366 1736 aggerem

72 1745 199 1783 iacere
220 1743 367 1794 aliaque
383 1756 480 1795 quae
500 1745 652 1793 incepto
668 1743 754 1782 usui
770 1743 896 1781 forent
916 1754 1140 1792 properare.
1169 1743 1216 1780 At
1231 1742 1366 1790 Iugur-
1382 1746 1433 1787 38

28 1799 138 1842 zotha
159 1800 310 1848 cognita
331 1800 493 1838 vanitate
517 1804 629 1849 atque
649 1799 824 1847 inperitia
845 1797 959 1846 legati
984 1797 1168 1836 subdolus
1199 1798 1279 1835 eius
1300 1807 1366 1834 au-

73 1865 166 1904 gere
192 1855 418 1898 amentiam,
454 1855 642 1893 missitare
672 1853 920 1903 subplicantis
952 1853 1118 1901 legatos,
1149 1853 1230 1902 ipse
1262 1851 1369 1902 quasi

74 1909 302 1948 vitabundus
330 1921 400 1960 per
421 1910 586 1948 saltuosa
609 1909 691 1947 loca
712 1914 748 1947 et
763 1910 933 1946 tramites
961 1909 1171 1946 exercitum
1195 1907 1366 1946 ductare.

74 1965 247 2015 Denique
271 1965 410 2004 Aulum
436 1976 503 2015 spe
526 1965 712 2014 pactionis
732 1963 898 2014 perpulit
920 1964 974 2002 uti
994 1962 1127 2001 relicto
1149 1960 1309 2002 Suthule
1330 1961 1368 1999 in
1382 1973 1402 2003 2

75 2020 222 2059 abditas
251 2021 430 2069 regiones
452 2032 535 2059 sese
558 2019 671 2058 veluti
699 2019 899 2058 cedentem
921 2020 1188 2068 insequeretur
1210 2017 1278 2070 [ita
1303 2016 1368 2055 de-

30 2075 162 2114 sslicta
194 2075 402 2114 occultiora
434 2074 572 2127 suere]
631 2074 780 2112 Interea
811 2085 882 2124 per
911 2073 1086 2112 homines
1118 2073 1274 2112 callidos
1304 2071 1402 2116 diu3

77 2134 270 2181 noctuque
302 2131 513 2170 exercitum
536 2128 764 2180 temptabat,
798 2129 1044 2168 centuriones
1073 2129 1266 2180 ducesque
1289 2132 1369 2165 tur-

78 2197 228 2225 marum
249 2187 386 2236 partim
408 2187 461 2225 uti
483 2185 769 2235 transfugerent
784 2195 1052 2234 conrumpere,
1075 2183 1137 2222 alii
1156 2185 1265 2234 signo
1281 2182 1368 2221 datc·

77 2240 206 2280 locum
226 2243 280 2281 uti
303 2242 538 2280 desererent.
587 2241 690 2286 Quae
711 2245 913 2291 postquam
935 2251 981 2278 ex
1000 2240 1185 2278 sententia
1204 2237 1366 2279 instruit,
1382 2249 1398 2278 >1
