1537 2512
116 71 166 112 18
266 85 321 109 DE
357 81 586 109 caraman
617 77 932 106 CONIVRATIOXE
964 75 1000 102 c.
1027 69 1082 104 35.
1112 67 1167 104 36.
1193 67 1249 103 37-

114 182 246 221 alienis
274 178 495 219 nominibus
522 176 729 217 liberalitas
759 174 958 215 Orestillae
988 173 1065 211 suis
1094 171 1270 221 filiaeque
1291 170 1409 220 copiis

114 235 370 288 persolveret,
397 239 455 273 set
482 233 584 284 quod
607 244 685 271 non
715 231 850 282 dignos
871 229 1044 268 homines
1065 227 1212 265 honore
1231 226 1409 264 honesta-

114 299 173 330 tos
201 290 377 330 videbam
408 300 547 339 meque
569 287 662 326 salsa
687 287 909 338 suspicione
937 283 1139 321 alienatum
1166 292 1249 320 esse
1269 281 1410 320 sentie-

78 353 99 384 4
114 346 217 385 bam.
243 345 326 384 Hoc
350 345 506 382 nomine
530 343 618 381 satis
640 343 818 381 honestas
831 351 903 392 pro
920 350 1006 379 meo
1029 349 1119 376 casu
1134 347 1222 386 spes
1242 334 1411 374 relicuae

79 402 307 451 5dignitatis
338 398 622 438 conservandae
650 410 734 437 sum
763 402 928 436 secutus.
983 392 1099 434 Plura
1128 402 1215 430 eum
1239 389 1440 429 scriberes

79 455 273 503 avellem,
303 454 518 493 nuntiatum
547 458 604 492 est
632 454 705 491 vim
734 453 828 491 mihi
854 452 996 502 parari.
1055 447 1166 489 Nunc
1197 444 1411 484 Orestillam
1455 473 1464 477 ..

116 510 330 550 conmendo
350 514 515 558 tuaeque
535 508 623 547 fidei
644 507 771 546 trado:
793 519 875 546 eam
898 506 944 545 ab
966 506 1102 545 iniuria
1123 500 1318 549 defendas,
1341 511 1412 554 per

114 566 257 605 liberos
287 569 373 604 tuos
394 567 562 613 rogatus.
611 562 781 602 Har-eto?

49 627 101 666 36
227 621 292 659 Set
321 621 403 670 ipse
429 630 573 669 paucos
602 618 681 657 dies
712 621 958 656 conmoratus
988 615 1087 665 apud
1117 615 1160 653 G.
1183 613 1412 653 Flaminium

117 674 377 729 [Flammam]
385 677 424 715 in
440 687 533 726 agro
549 674 741 717 Arretino,
752 673 841 711 dum
860 671 1088 710 vicinitatem
1109 674 1219 708 antea
1235 668 1456 708 sollicita-1⁰

116 737 193 770 tam
218 731 335 769 armis
365 735 541 773 exornat,
573 740 661 767 cum
686 727 852 766 fascibus
879 731 992 777 atque
1013 724 1410 776 aliisimperiinsigni-

82 797 104 828 2
117 785 190 825 bus
210 787 248 824 in
279 790 402 824 castra
423 783 468 822 ad
490 783 671 823 Manlium
698 781 903 822 contendit.
945 781 1050 820 Haec
1069 779 1136 819 ubi
1155 779 1300 818 Romae
1321 790 1412 818 con-

116 845 225 891 perta
251 846 350 885 sunt,
372 845 525 879 senatus
546 837 742 877 Catilinam
767 842 803 876 et
822 835 1004 876 Manlium
1027 836 1146 874 hostis
1168 835 1326 879 iudicat,
1350 846 1412 873 ce-

116 901 222 935 terae
242 894 475 934 multitudini
495 895 595 934 diem
614 894 754 937 statuit,
779 898 865 931 ante
887 903 1001 942 quam
1023 892 1103 930 sine
1124 889 1260 928 fraude
1279 888 1414 928 liceret

117 951 164 989 ab
185 951 301 989 armis
322 950 532 994 discedere,
559 953 713 999 praeter
735 959 868 987 rerum
891 945 1107 996 capitalium
1133 945 1413 984 condemnatis:
1429 954 1460 980 15

82 1014 102 1047 3
116 1010 317 1056 praeterea
339 1006 529 1049 decernit,
554 1005 609 1043 uti
631 1002 808 1042 consules
830 1001 1009 1041 dilectum
1034 1001 1213 1045 habeant,
1231 1000 1416 1039 Antonius

119 1073 204 1099 eum
225 1062 396 1099 exercitu
418 1059 615 1099 Catilinam
638 1059 818 1108 persequi
840 1062 1016 1101 maturet,
1041 1056 1173 1095 Cicero
1195 1055 1283 1094 urbi
1304 1065 1415 1105 prae-

117 1116 213 1154 sidio
243 1117 300 1154 sit.

83 1178 104 1208 4
230 1171 283 1209 Ea
301 1174 527 1220 tempestate
544 1169 853 1219 mihiimperium
862 1166 995 1217 populi
1015 1165 1177 1205 Romani
1195 1161 1315 1205 mult‘o
1335 1177 1415 1205 ma·

119 1238 233 1266 xume
254 1224 471 1265 miserabile
497 1225 620 1263 visum
651 1229 726 1262 est:
759 1225 822 1262 cui
847 1234 932 1261 cum
965 1221 1012 1260 ad
1039 1233 1218 1261 occasum
1250 1221 1297 1260 ab
1329 1227 1416 1261 ortu
1429 1230 1462 1256 20

119 1281 208 1321 solis
229 1282 355 1319 omnia
375 1280 516 1319 domita
548 1279 664 1317 armis
686 1283 887 1328 parerent,
919 1277 1022 1316 domi
1045 1277 1164 1316 otium
1188 1282 1302 1328 atque
1323 1277 1416 1316 din·-

118 1338 211 1380 tiae,
245 1346 343 1386 quae
371 1336 494 1385 prima
516 1333 697 1372 mortales
721 1339 866 1383 putant,
896 1331 1123 1377 adnuerem,
1153 1332 1262 1371 fuere
1286 1337 1416 1371 tamen

120 1393 230 1435 cives,
249 1391 314 1441 qui
333 1401 451 1440 seque
466 1401 626 1439 remque
644 1387 838 1438 publicam
859 1387 1055 1426 obstinatis
1072 1388 1207 1426 animis
1222 1387 1417 1438 perditum

84 1453 103 1485 5
118 1448 229 1485 irent.
277 1445 450 1496 Namque
471 1444 623 1483 duobus
643 1445 763 1482 senati
784 1443 949 1482 decretis
979 1454 1025 1481 ex
1050 1447 1153 1481 tanta
1174 1442 1416 1482 multitudine

118 1513 243 1552 neque
263 1501 434 1550 praemio
455 1499 633 1538 inductus
655 1499 955 1537 coniurationem
970 1498 1205 1548 patefecerat
1224 1510 1349 1549 neque
1370 1511 1416 1538 ex
1429 1509 1460 1535 25

119 1557 254 1595 castris
284 1554 463 1594 Catilinae
494 1556 694 1605 quisquam
733 1555 903 1592 omnium
941 1553 1186 1592 discesserat:
1221 1558 1325 1592 tanta
1361 1555 1416 1592 vis

118 1610 246 1650 morbi
276 1616 375 1654 erat,
408 1621 506 1660 quae
536 1611 591 1648 uti
620 1609 727 1647 tabes
748 1608 954 1659 plerosque
982 1609 1118 1647 civium
1144 1610 1290 1647 animos
1313 1609 1415 1648 inva-

51 1668 103 1707 37
118 1671 232 1705 serat.
276 1665 408 1715 Neque
430 1664 553 1703 solum
576 1663 647 1702 illis
668 1663 789 1702 aliena
813 1673 920 1702 mens
940 1668 1040 1707 erat,
1073 1665 1137 1714 qui
1162 1665 1303 1703 conscii
1325 1676 1415 1703 con-

118 1721 314 1760 iurationis
336 1720 498 1764 fuerant,
521 1725 578 1758 set
602 1720 756 1757 omnino
774 1723 911 1757 cuncta
927 1718 1059 1768 plebes
1076 1730 1261 1758 novarum
1283 1731 1415 1759 rerum

82 1785 102 1816 2
117 1776 241 1815 studio
270 1775 449 1814 Catilinae
478 1776 627 1824 incepta
659 1774 859 1824 probabat.
901 1774 942 1812 Id
967 1773 1061 1812 adeo
1083 1785 1192 1813 more
1213 1786 1283 1813 suo
1307 1775 1457 1815 vide-30

85 1832 230 1870 3batur
253 1831 390 1869 facere.
439 1829 534 1869 Nam
556 1841 708 1879 semper
738 1831 775 1868 in
801 1830 966 1872 civitate,
1000 1828 1139 1879 quibus
1167 1841 1260 1880 opes
1288 1829 1416 1870 nullae

119 1892 220 1931 sunt,
253 1886 363 1924 bonis
384 1885 551 1924 invident
570 1884 690 1923 malos
720 1883 916 1927 extollunt,
940 1889 1069 1923 vetera
1090 1884 1206 1923 odere
1227 1897 1325 1924 nova
1350 1898 1415 1925 ex·

120 1946 263 1992 optant.
299 1941 384 1979 odio
414 1952 571 1980 suarum
601 1952 731 1979 rerum
761 1940 900 1978 mutari
932 1939 1058 1977 onmia
1089 1940 1260 1984 student,
1299 1940 1414 1980 turba

120 2002 233 2046 atque
255 1996 502 2035 seditionibus
523 1997 603 2034 sine
626 2008 717 2034 cura
738 1995 909 2037 aluntur.
933 1995 1112 2045 quoniam
1136 2000 1283 2045 egestas
1306 1995 1415 2036 facile

85 2051 282 2091 athabetur
308 2052 388 2089 sine
419 2051 570 2089 damno.
611 2051 676 2089 Set
697 2049 843 2090 urbana
867 2049 1011 2100 plebes
1045 2061 1088 2088 ea
1111 2063 1200 2089 vero
1227 2061 1459 2102 praecepsas

82 2117 105 2150 b
119 2113 201 2145 erat
216 2106 262 2145 de
284 2105 411 2145 multis
435 2106 573 2144 causis.
617 2106 788 2145 Primum
811 2107 993 2149 omnium,
1018 2106 1082 2156 qui
1103 2105 1245 2156 ubique
1267 2105 1414 2155 probro

121 2167 233 2212 atque
254 2161 460 2212 petulantia
483 2173 659 2201 maxume
674 2160 929 2211 praestabant.
951 2162 1040 2199 item
1060 2159 1119 2198 alii
1137 2172 1206 2210 per
1222 2161 1413 2200 dedecora

122 2217 356 2266 patrimoniis
377 2218 534 2256 amissis.
558 2222 752 2266 postremo
774 2227 905 2255 omnes
924 2227 1019 2267 quos
1035 2215 1218 2265 flagitium
1238 2221 1302 2255 aut
1323 2215 1412 2255 faci-
