1537 2512
223 113 280 139 Dn
312 112 541 138 caranum
574 111 892 138 CONIVRA'HONB
923 111 960 137 c.
991 106 1044 141 29.
1072 105 1128 139 30.
1157 107 1211 140 31.
1319 100 1365 138 15

71 216 144 255 tus,
172 209 275 262 quod
295 221 422 260 neque
453 208 590 248 urbem
620 209 668 247 ab
699 208 844 247 insidiis
864 210 1012 259 privato
1034 208 1192 248 consilio
1214 208 1366 259 longius

69 265 169 304 tueri
199 269 361 315 poterat,
385 276 512 316 neque
542 265 733 303 exercitus
751 263 865 302 Manli
894 269 1058 315 quantus
1087 269 1151 302 aut
1177 276 1252 314 quo
1275 276 1365 303 con-

69 320 151 359 silio
176 320 277 358 soret
297 320 386 358 satis
409 324 636 369 conpertum
655 318 834 363 habehat,
865 331 950 357 rem
972 319 1020 357 ad
1039 323 1214 358 senatum
1233 320 1363 364 refert,

68 376 144 414 iam
170 381 280 414 antea
311 374 413 424 volgi
432 374 656 413 rumoribus
677 374 920 424 exagitatum.
969 374 1122 424 Itaque,
1154 374 1257 425 quod
1284 374 1398 424 ple-‘2

39 442 233 482 srumque
269 431 308 468 in
338 430 459 468 atroci
490 430 644 479 negotio
676 428 794 473 solet,
825 434 980 467 senatus
1017 429 1205 473 decrevit,
1229 429 1366 469 darent

69 497 227 535 operam
257 484 434 524 consules
483 496 531 523 ne
562 484 654 535 quid
677 496 741 522 res
770 483 924 533 publica
949 484 1167 523 detrimenti
1197 490 1362 534 caperet.

68 540 121 579 Ea
152 545 321 590 potestas
356 551 427 589 per
458 544 634 578 senatum
667 551 776 578 more
811 539 985 578 Romano
1016 540 1255 590 magistratui
1283 547 1398 578 mei-3

67 607 182 634 xuma
211 595 464 645 permittitur,
497 596 709 633 exercitum
729 606 887 644 parare,
920 593 1064 633 bellum
1085 606 1233 645 gerere,
1256 606 1364 634 coer-

68 662 156 689 cere
187 649 366 689 omnibus
394 649 518 688 modis
549 650 674 688 socios
704 654 817 700 atque
848 650 958 693 civis,
1001 650 1103 688 domi
1132 650 1364 700 militiaeque

22 721 55 746 ιυ
69 707 275 757 imperium
289 710 403 756 atque
433 704 615 743 iudicium
641 716 835 743 summum
861 704 1028 743 habere:
1057 704 1166 743 aliter
1189 706 1271 744 sine
1293 716 1362 755 po-

65 759 146 810 puli
172 761 279 799 iussu
302 759 443 798 nullius
474 771 606 798 earum
627 772 761 798 rerum
792 759 939 798 consuli
966 760 1024 798 ius
1046 764 1114 798 est.
1158 759 1250 798 Post
1268 772 1361 810 pau-
1378 762 1430 802 30

67 826 132 854 cos
154 815 234 854 dies
255 815 297 854 L.
320 815 481 854 Saenius
503 820 657 853 senator
679 816 718 853 in
741 820 876 854 senatu
898 814 1042 853 litteras
1063 816 1246 860 recitavit,
1270 826 1364 866 quas

65 869 235 909 Faesulis
262 869 407 909 adlatas
437 870 508 909 sibi
533 869 704 914 dIcebat,
737 871 776 908 in
808 869 947 920 quibus
978 871 1161 920 scriptum
1187 875 1288 914 erat,
1318 870 1361 909 G.

64 925 248 964 Manlium
278 936 385 964 arma
417 926 564 975 cepisse
594 937 681 964 cum
709 936 848 974 magna
872 924 1115 964 multitudine
1146 931 1234 964 ante
1262 926 1362 964 diem

22 994 52 1020 15
65 979 124 1018 VI.
157 980 348 1020 Kalendas
377 980 616 1019 Novembris.
669 980 807 1024 Simul,
838 980 876 1018 id
906 981 1008 1031 quod
1029 981 1067 1018 in
1093 980 1157 1019 tali
1189 992 1232 1019 re
1253 980 1397 1025 solem

64 1035 126 1074 alii
145 1041 324 1086 portenta
345 1040 461 1087 atque
484 1036 659 1086 prodigia
679 1035 924 1079 nuntiabant,
953 1035 1015 1074 alii
1038 1040 1248 1074 conventus
1266 1036 1361 1080 fieri,

66 1103 171 1130 arma
188 1092 347 1142 portari,
373 1090 526 1141 Capuae
547 1095 661 1141 atque
678 1090 716 1128 in
732 1089 867 1140 Apulia
889 1090 1025 1129 servile
1042 1089 1186 1129 bellum
1203 1092 1361 1130 moveri.

65 1146 186 1196 Igitur
208 1147 330 1185 senati
351 1146 508 1185 decreto
533 1146 575 1191 Q.
600 1146 765 1184 Marcius
786 1145 867 1184 Rex
888 1145 1088 1189 Faesulas,
1121 1145 1164 1191 Q.
1188 1145 1362 1184 Metellus
1376 1147 1395 1181 3

67 1201 238 1240 Creticus
267 1202 305 1239 in
331 1200 508 1251 Apuliam
539 1202 764 1251 circumque
786 1211 829 1239 ea
850 1199 934 1239 loca
954 1202 1060 1239 missi
1083 1223 1128 1228 —
1153 1201 1186 1239 ei
1211 1201 1364 1252 utrique

19 1271 51 1297 20
66 1256 113 1295 ad
139 1255 278 1295 urbem
300 1257 557 1308 imperatores
576 1261 704 1300 erant,
734 1256 892 1305 inpediti
920 1267 970 1294 ne
991 1255 1277 1306 triumpharent
1298 1268 1359 1295 ca·
1376 1262 1397 1292 4

64 1311 207 1350 lumnia
236 1323 470 1362 paucorum,
502 1311 642 1362 quibus
671 1312 798 1349 omnia
825 1311 985 1350 honesta
1017 1317 1130 1361 atque
1160 1311 1362 1350 inhonesta

63 1367 231 1406 vendere
252 1379 336 1405 mos
358 1371 440 1406 erat
463 1389 531 1411 —,
558 1371 616 1405 set
634 1371 834 1416 praetores
856 1365 899 1410 Q.
923 1365 1128 1416 Pompeius
1148 1365 1270 1405 Rufus
1295 1366 1362 1405 Ca·
1378 1373 1398 1404 5

63 1434 198 1473 puam‚
230 1420 274 1466 Q.
301 1421 476 1461 Metellus
505 1421 615 1461 Celer
643 1423 681 1460 in
713 1432 848 1470 agrum
878 1421 1082 1465 Picenum,
1115 1422 1246 1471 eisque
1275 1432 1363 1471 per-

64 1478 242 1521 missum,
275 1478 329 1516 uti
358 1488 430 1527 pro
459 1482 635 1527 tempore
657 1481 769 1526 atque
790 1474 962 1526 periculo
990 1476 1201 1514 exercitum
1222 1487 1362 1526 conpa-

18 1548 51 1573 25
64 1537 208 1572 rarent.
253 1532 310 1571 Ad
337 1532 431 1574 hoc,
463 1533 494 1570 si
515 1533 599 1582 quis
619 1531 862 1571 indicavisset
881 1531 929 1570 de
955 1531 1240 1575 coniuratione,
1266 1537 1397 1582 quae6

64 1594 198 1627 contra
218 1599 302 1627 rem
322 1587 516 1638 publicam
537 1587 634 1626 sacta
659 1592 758 1631 erat,
779 1588 991 1637 praemium
1013 1597 1124 1625 servo
1145 1586 1360 1626 libertatem

65 1651 102 1683 et
130 1644 304 1683 sestertia
326 1648 500 1686 centum,
530 1642 652 1681 libero
673 1643 924 1693 inpunitatem
948 1643 1028 1680 eius
1049 1642 1106 1680 rei
1131 1646 1168 1680 et
1188 1643 1360 1681 sestertia

64 1699 247 1743 ducenta,
277 1699 447 1748 itemque
477 1698 704 1742 decrevere,
737 1699 791 1736 uti
821 1697 1068 1746 gladiatoriae
1099 1696 1262 1735 familiae
1292 1696 1359 1735 Ca·
1378 1707 1396 1737 7

63 1766 180 1805 puam
205 1759 243 1794 et
269 1754 307 1792 in
333 1758 460 1792 cetera
491 1754 697 1802 municipia
724 1752 1047 1791 distribuerentur
1074 1763 1145 1801 pro
1177 1752 1362 1802 cuiusque

17 1823 51 1851 30
65 1809 216 1860 opibus,
237 1808 383 1848 Romae
406 1820 477 1858 per
498 1813 614 1846 totam
635 1807 775 1847 urbem
798 1807 943 1857 vigiliae
969 1806 1206 1845 haberentur
1231 1807 1361 1857 eisque

64 1865 234 1903 minores
261 1864 505 1912 magistratus
526 1868 759 1913 praeessent.
806 1862 953 1907 Quibus
974 1861 1092 1900 rebus
1111 1867 1285 1911 permota
1311 1862 1361 1900 ci·
1377 1861 1420 1900 31

63 1920 158 1958 xitas
188 1925 302 1970 atque
330 1919 514 1957 inmutata
540 1917 648 1957 urhis
679 1917 795 1956 facies
826 1923 918 1956 erat.
952 1916 1011 1955 Ex
1042 1927 1191 1956 summa
1221 1915 1361 1955 laetitia

65 1980 179 2026 atque
197 1974 368 2017 lascivia,
401 1985 499 2023 quae
525 1973 703 2012 diuturna
729 1974 836 2023 quies
857 1976 1074 2022 pepererat,
1098 1976 1258 2021 repente
1281 1983 1361 2010 om-

65 2031 122 2069 nis
152 2030 302 2069 tristitia
326 2029 480 2067 invasit:
512 2027 693 2067 festinare
721 2027 935 2077 trepidare,
962 2038 1088 2077 neque
1117 2026 1203 2066 loco
1234 2038 1361 2077 neque

17 2099 50 2126 35
67 2085 211 2124 homini
233 2085 411 2134 cuiquam
439 2084 528 2122 satis
557 2083 735 2127 credere,
767 2094 893 2133 neque
913 2081 1055 2121 bellum
1077 2092 1215 2131 gerere
1235 2093 1359 2133 neque
1379 2092 1397 2120 2

65 2151 199 2190 pacem
214 2138 380 2183 habere,
407 2150 476 2177 suo
503 2139 665 2188 quisque
687 2142 791 2177 metu
818 2137 989 2188 pericula
1018 2138 1156 2175 metiri.
1202 2137 1259 2176 Ad
1288 2137 1396 2176 hoca

66 2195 267 2240 mulieres,
299 2193 439 2245 quibus
469 2195 525 2232 rei
552 2193 728 2243 publicae
753 2193 1013 2242 magnitudine
1040 2191 1129 2231 belli
1159 2193 1273 2231 timor
1303 2193 1360 2231 in-

65 2250 199 2290 solitus
220 2251 448 2292 incesserat,
477 2247 671 2287 adflictare
693 2259 798 2291 sese,
829 2259 964 2286 manns
990 2246 1172 2296 subplicis
1196 2247 1242 2286 ad
1275 2258 1356 2285 cae-
