1507 2472
0 1946 30 2472 59⁸⁸·*w*·“·1=·2·⁷·22.⁴=÷aer-w‘
0 1879 12 1894 ··
0 1835 2 1838 ’

470 628 996 685 PRAEFATIO.

191 861 287 918 Quo
316 875 403 912 nihil
432 875 559 912 laetius
597 878 872 924 exoptatiusque
907 877 1066 913 accidere
1093 883 1215 926 potest
1251 878 1389 917 homini

78 930 276 967 litterarum
299 937 334 966 et
354 932 426 967 veri
448 933 588 972 amanti,
611 933 639 966 si
662 933 696 967 in
719 943 790 979 quo
812 933 888 979 ipse
910 943 1053 979 operam
1074 934 1302 982 studiumque
1323 946 1387 983 po-

78 987 202 1026 suerit,
219 986 254 1022 id
275 986 364 1022 alius
385 986 559 1034 suppleat,
579 986 749 1027 absolvat,
772 987 948 1028 emendet,
972 988 1039 1024 hoc
1050 989 1134 1024 mihi
1151 991 1304 1037 contigit
1323 1000 1386 1037 per

78 1042 291 1079 Henricum
305 1042 527 1087 Iordanum,
552 1053 656 1090 quem
680 1042 847 1082 editione,
869 1043 1024 1079 Berolini
1038 1044 1143 1081 1866
1166 1050 1252 1092 aput
1268 1044 1388 1080 Weid-

79 1108 227 1134 mannos
248 1097 423 1145 evolgata,
445 1099 569 1145 eisque
592 1108 680 1145 quae
700 1099 735 1133 in
745 1098 832 1133 Mus.
846 1097 958 1134 Rhen.
982 1099 1165 1135 vol.XV111
1187 1106 1222 1136 et
1238 1099 1390 1136 Hermae

79 1152 185 1189 vol.1
213 1152 422 1201 disputavit,
453 1153 497 1188 de
518 1152 687 1189 Sallustio
716 1153 894 1200 praeclare
925 1155 1095 1190 meruisse
1116 1156 1164 1191 ita
1184 1154 1317 1196 fateor,
1349 1160 1390 1191 ut

79 1210 115 1245 in
136 1207 264 1256 quibus
284 1219 341 1244 me
363 1207 521 1244 acerbius
543 1209 737 1256 castigavit,
767 1219 964 1256 agnoscere
994 1220 1099 1256 quam
1127 1221 1296 1246 excusare
1317 1221 1390 1246 ma-

81 1264 153 1300 lim.
198 1263 321 1300 Oblata
348 1265 460 1311 igitur
486 1264 592 1300 huius
621 1274 718 1300 meae
747 1264 911 1300 editionis
933 1265 1152 1312 repetundae
1171 1266 1389 1302 necessitate

82 1319 166 1367 quid
187 1318 281 1354 aliud
302 1330 408 1367 agere
428 1321 543 1367 potui,
568 1330 671 1366 quam
693 1325 731 1355 ut
753 1330 841 1366 quae
862 1319 921 1355 ille
942 1326 1182 1367 conparasset,
1211 1321 1261 1357 eis
1283 1331 1390 1368 quam

81 1374 367 1422 diligentissume
388 1380 424 1410 et
443 1375 725 1423 religiosissume
745 1375 888 1410 uterer?
928 1375 999 1411 Nec
1019 1386 1155 1416 vereor,
1183 1375 1279 1423 quod
1300 1376 1391 1412 mul-

83 1432 128 1466 tis
150 1430 194 1466 de
213 1429 301 1466 locis
321 1431 534 1466 sententiam
555 1441 666 1466 meam
687 1431 906 1470 mutaverim,
942 1441 986 1466 ne
1012 1431 1046 1466 in
1075 1431 1227 1467 levitatis
1257 1432 1390 1467 crimen

82 1487 292 1522 incursurus
313 1487 392 1521 sim.
429 1485 565 1521 Etenim
587 1496 666 1521 cum
687 1485 730 1520 ad
751 1485 880 1532 aliquid
903 1485 1068 1526 redimus,
1091 1485 1258 1522 liberiore
1273 1487 1390 1522 animo

82 1541 238 1577 iudicare
259 1541 415 1577 solemus
430 1540 638 1588 faciliusque
660 1541 844 1588 opiniones
866 1540 1033 1588 quasdam
1051 1542 1235 1577 omittere:
1257 1547 1333 1577 tum
1349 1541 1391 1577 ab

81 1595 233 1632 lordano
254 1594 483 1632 confirmatus
504 1597 539 1632 in
560 1607 599 1632 ea
620 1597 806 1641 sententia,
839 1607 943 1643 quam
964 1595 1007 1632 de
1027 1598 1239 1644 praestantia
1258 1597 1390 1633 codicis

82 1651 107 1688 P
135 1653 212 1699 ipse
240 1652 375 1699 primus
410 1662 684 1699 proposueram,
720 1657 776 1687 set
807 1651 953 1688 meliora
989 1651 1139 1688 edoctus
1175 1652 1218 1688 de
1249 1651 1327 1688 cod.
1350 1652 1390 1693 V,

82 1707 199 1744 facere
226 1717 299 1743 non
327 1708 429 1755 potui
456 1708 541 1754 quin
566 1709 602 1743 in
632 1706 794 1743 omnibus
816 1707 915 1747 locis,
945 1707 988 1742 de
1010 1707 1138 1754 quibus
1159 1707 1327 1744 iudicium
1348 1706 1391 1743 ab

83 1761 152 1798 fide
169 1761 341 1798 librorum
357 1762 540 1810 penderet,
562 1762 656 1798 illius
677 1763 877 1810 exemplum
898 1773 1087 1810 sequerer:
1104 1768 1285 1810 postremo
1301 1773 1391 1798 non-

82 1817 179 1854 nulla
200 1819 265 1853 iam
287 1818 364 1865 ipse
384 1829 611 1854 conrexeram
638 1819 673 1853 in
695 1818 851 1854 editione
872 1817 1050 1858 Catilinae,
1085 1828 1174 1865 quae
1195 1817 1384 1853 adnotato·

82 1872 186 1910 uibus
213 1872 400 1909 inlustrata
428 1873 562 1921 prodiit
589 1884 618 1908 a.
647 1873 764 1910 1864.
816 1872 981 1910 Ceterum
1010 1874 1177 1920 quoniam
1208 1873 1321 1909 fusius
1343 1873 1388 1909 de

83 1927 234 1976 singulis
266 1927 447 1976 disputare
481 1939 553 1965 non
582 1933 637 1964 est
664 1929 768 1964 huius
798 1929 886 1969 loci,
922 1939 1011 1976 quae
1051 1939 1146 1966 nunc
1172 1933 1232 1964 aut
1260 1929 1391 1965 mutavi

84 1988 144 2020 aut
179 1984 310 2019 retinui
343 1983 498 2020 breviter
531 1994 738 2025 recensere,
774 1983 953 2020 interdum
993 1983 1120 2020 additis
1159 1985 1390 2032 argumentis,

83 2040 266 2076 constitui.

195 2088 281 2126 Cat.
307 2093 340 2130 2,
353 2093 385 2123 2.
411 2097 604 2132 conpertum
620 2090 682 2133 est]
708 2097 760 2124 esc
775 2091 897 2123 delevit
913 2091 937 2125 I.
970 2091 1056 2123 Num
1073 2092 1106 2123 in
1125 2091 1280 2123 omnibus
1297 2090 1391 2122 libris

85 2137 248 2168 omissum
273 2136 328 2174 sit,
354 2136 509 2176 equidem
526 2136 654 2168 dubito.
679 2153 721 2158 -
746 2138 777 2174 3,
796 2137 828 2168 2.
853 2134 1012 2178 actorem]
1038 2136 1062 2169 I.
1087 2141 1266 2168 auctorem.
1305 2135 1392 2166 lllud

84 2180 127 2212 ob
151 2181 350 2213 sententiam
374 2182 520 2221 retineo,
544 2181 741 2222 praesertim
765 2189 841 2212 cum
865 2181 940 2212 cod.
964 2179 1018 2222 ΡΙ,
1044 2181 1096 2212 cui
1121 2180 1292 2220 aliquanto
1313 2179 1390 2221 plus

82 2223 162 2257 fidei
191 2235 291 2266 quam
322 2224 376 2256 ille
404 2235 438 2258 v,
471 2225 506 2259 d.
537 2224 726 2256 habendum
757 2235 832 2257 esse
864 2225 1024 2265 arbitror,
1061 2224 1227 2257 exhibeat.
1282 2223 1391 2255 Etiam

82 2268 188 2301 multo
211 2270 324 2301 minus
348 2269 421 2311 lug.
448 2270 480 2311 1,
495 2270 530 2309 4,
561 2278 635 2300 cum
660 2269 791 2301 codices
816 2270 914 2311 primi
939 2270 1072 2312 generis
1097 2269 1153 2309 (P)
1178 2279 1251 2300 cum
1277 2268 1390 2299 multis

1142 2336 1159 2356 ss
