1537 2512
131 106 183 146 48
356 119 411 144 DE
442 119 577 145 BELLO
607 118 873 145 tvevss'rnmo
907 117 944 145 c.
978 113 1033 146 15.
1066 110 1120 146 16.
1152 112 1208 148 17.

130 219 290 258 honoris
319 217 554 260 divitiarum,
589 220 761 255 ceterum
789 217 875 255 vitia
897 227 965 255 sua
990 215 1125 256 callide
1155 217 1364 257 occultans.
1399 216 1434 255 ls

130 279 337 324 postquam
360 272 454 312 vidit
474 272 578 321 regis
612 271 855 321 largitionem
883 272 1069 310 famosam
1092 273 1431 323 inpudentemque,

131 330 295 373 veritus,
324 328 428 380 quod
452 328 489 366 in
519 326 585 365 tali
614 339 658 365 re
688 326 796 372 solet,
829 339 877 365 ne
904 327 1048 377 polluta
1076 327 1228 367 licentia
1255 328 1435 367 invidiam

67 379 115 418 16
131 384 375 427 adcenderet,
412 384 581 422 animum
613 395 633 421 a
668 388 850 422 consueta
877 382 1048 422 lubidine
1080 385 1278 422 continuit.
1338 382 1436 422 Vicit
1524 431 1526 433 ‚

129 444 259 478 tamen
278 440 317 478 in
347 443 481 478 senatu
512 449 603 488 pars
631 437 712 482 illa,
741 450 839 488 quae
869 451 960 477 vero
989 440 1164 488 precium
1187 444 1251 478 aut
1269 440 1461 488 gratiams
1508 444 1512 450 ·

95 498 115 529 2
131 494 383 534 anteferebat.
439 494 647 533 Decretum
669 493 722 537 fit,
747 495 801 532 uti
828 493 961 532 decem
987 494 1100 543 legati
1126 505 1303 543 regnum,
1332 493 1436 545 quod

129 549 285 602 Micipsa
308 550 545 593 obtinuerat,
578 550 676 588 inter
707 549 932 598 Iugurtham
955 554 993 588 et
1012 548 1271 588 Adherbalem
1294 549 1435 588 divide-

129 611 229 645 rent.
277 605 393 644 Cuius
414 605 614 654 legationis
637 605 819 654 princeps
841 604 912 643 ruit
930 604 972 642 L.
995 603 1187 655 Opimius,
1220 605 1336 643 homo
1359 603 1436 643 cla-

129 673 197 700 rus
232 666 268 700 et
299 667 379 699 tum
410 662 446 699 in
474 665 610 699 senatu
640 665 794 710 potens,
833 661 922 710 quia
953 659 1088 699 consul
1116 661 1161 700 G.
1192 660 1370 699 Graccho
1400 664 1438 699 et

129 716 179 754 Μ.
202 716 335 756 Fulvio
358 715 496 755 Flacco
523 715 736 754 interfectis
767 727 969 754 acerrume
999 716 1198 754 victoriam
1227 715 1436 754 nobilitatis
1450 725 1482 752 tc

95 771 171 811 3in
198 771 352 823 plebem
385 775 624 810 exercuerat.
683 771 782 810 Eum
815 771 1003 821 Iugurtha
1042 772 1192 810 tametsi
1222 771 1367 810 Romae
1396 772 1436 810 in

130 828 294 866 inimicis
324 827 532 871 habuerat,
566 831 695 865 tamen
726 827 1016 866 adcuratissime
1035 827 1202 877 recepit:
1240 826 1366 866 dando
1399 830 1438 866 et

130 883 349 935 pollicendo
372 882 489 921 multa
515 882 688 932 perfecit,
707 884 763 921 uti
784 883 908 922 famae
924 883 1018 927 fide,
1041 887 1240 933 postremo
1257 882 1436 921 omnibus

131 939 211 977 suis
237 938 357 977 rebus
389 938 636 977 commodum
670 939 773 988 regis
808 938 1031 978 anteferret.
1090 937 1270 977 Relicuos
1289 936 1436 987 legatos

96 994 268 1034 4eadem
295 995 351 1032 via
381 993 609 1043 adgressus,
638 993 846 1045 plerosque
879 995 1000 1044 capit:
1030 995 1162 1044 paucis
1187 995 1313 1032 carior
1343 993 1481 1032 fidesu.

98 1055 117 1088 5
132 1061 248 1100 quam
271 1050 436 1100 pecunia
458 1050 540 1088 suit.
573 1049 615 1087 In
641 1050 844 1095 divisione,
877 1062 974 1101 quae
996 1060 1086 1101 pars
1107 1048 1308 1088 Numidiae
1332 1049 1439 1088 Mau-

131 1106 321 1144 retaniam
341 1105 521 1155 adtingit,
554 1115 649 1155 agro
670 1106 837 1156 virisque
860 1104 1096 1155 opulentior,
1128 1104 1339 1155 Iugurthae
1361 1110 1439 1143 tra-

133 1161 247 1205 ditur,
278 1160 382 1199 illam
403 1160 566 1199 alteram
587 1162 716 1212 specie
746 1173 860 1212 quam
892 1173 965 1200 usu
986 1162 1196 1211 potiorem,
1230 1172 1328 1212 quae
1348 1171 1439 1210 por-

131 1217 280 1255 tuosior
302 1220 339 1255 et
360 1216 542 1255 aedificiis
563 1218 687 1266 magis
711 1223 895 1256 exornata
920 1222 1013 1260 erat,
1039 1215 1235 1255 Adherbal
1256 1215 1438 1267 possedit.

69 1268 117 1306 17
245 1271 322 1311 Res
346 1271 543 1322 postulare
572 1272 722 1311 videtur
752 1273 905 1311 Africae
934 1273 1048 1311 situm
1079 1273 1212 1322 paucis
1244 1283 1485 1322 exponerem*

133 1332 171 1366 et
201 1339 266 1366 eas
293 1328 436 1377 gentis,
471 1327 702 1378 quibuscum
732 1327 844 1366 nobis
879 1327 1026 1367 bellum
1065 1333 1129 1366 aut
1163 1328 1327 1366 amicitia
1356 1327 1438 1370 fuit,

95 1389 116 1420 2
133 1383 343 1432 adtingere.
398 1383 465 1422 Set
485 1395 583 1433 quae
614 1382 698 1422 loca
729 1388 765 1422 et
786 1384 959 1422 nationes
980 1383 1029 1421 ob
1052 1382 1220 1422 calorem
1247 1387 1313 1422 aut
1330 1394 1439 1433 aspe-

132 1440 297 1482 ritatem,
321 1439 413 1477 item
434 1438 660 1478 solitudines
681 1439 808 1478 minus
829 1438 1071 1490 frequentata
1088 1442 1189 1483 sunt,
1208 1438 1256 1477 de
1277 1439 1331 1477 eis
1347 1437 1442 1477 haut

133 1493 243 1532 facile
268 1498 496 1544 conpertum
526 1495 776 1538 narraverim,
801 1499 929 1534 cetera
957 1506 1071 1545 quam
1100 1495 1352 1544 paucissumis
1373 1494 1440 1533 ab·

131 1549 288 1587 solvam.
1452 1558 1484 1584 25

97 1612 117 1645 3
247 1604 289 1643 In
321 1605 505 1643 divisione
536 1605 643 1644 orbis
664 1610 791 1644 terrae
819 1604 997 1655 plerique
1021 1606 1057 1643 in
1079 1610 1189 1655 parte
1209 1606 1320 1644 tertIa
1340 1604 1440 1644 Atri-

133 1672 216 1698 cam
240 1671 429 1709 posuere,
458 1662 571 1711 pauci
591 1664 742 1698 tantum
764 1660 880 1698 modo
894 1661 1021 1699 Asiam
1052 1666 1087 1700 et
1116 1660 1311 1711 Europam
1341 1672 1438 1705 esse,

96 1716 117 1747 4
132 1720 190 1754 set
213 1715 381 1754 Africam
402 1716 439 1754 in
463 1715 632 1767 Europa.
673 1716 727 1754 Ea
747 1716 832 1754 finis
853 1715 970 1754 habet
997 1715 1044 1754 ab
1071 1716 1270 1755 occidente
1293 1715 1435 1755 fretum

131 1772 254 1810 nostri
280 1772 397 1809 maris
428 1775 466 1810 et
486 1770 649 1816 Oceani,
680 1771 726 1809 ab
755 1777 841 1810 ortu
862 1770 952 1809 solis
973 1771 1157 1810 declivem
1185 1771 1437 1815 latitudinem,

96 1828 117 1860 5
133 1838 248 1877 quern
271 1826 400 1865 locum
427 1826 707 1865 Catabathmon
732 1826 879 1866 incolae
899 1826 1103 1877 adpellant.
1153 1826 1257 1866 Mare
1285 1839 1439 1866 saevom
1453 1839 1485 1865 π

133 1883 425 1932 inportuosum:
456 1893 550 1932 ager
582 1882 738 1933 frugum
769 1882 923 1925 fertilis,
958 1882 1083 1921 bonus
1114 1884 1266 1933 pecori,
1298 1883 1440 1923 arbore

98 1938 381 1976 Ginsecundus:
415 1937 522 1977 caelo
544 1943 726 1989 terraque
749 1939 931 1988 paenuria
963 1950 1164 1989 aquarum.
1216 1939 1346 1978 Genus
1371 1939 1440 1978 ho-

133 1993 279 2031 minum
301 1992 446 2032 salubri
472 2005 650 2043 corpore,
677 1994 798 2039 velox,
832 1995 978 2043 patiens
999 1994 1202 2034 laborum:
1234 1993 1440 2046 plerosque

133 2053 312 2086 senectus
336 2048 528 2093 dissolvit,
563 2050 633 2087 nisi
666 2051 730 2100 qui
754 2050 856 2087 ferro
878 2055 943 2088 aut
971 2049 1102 2089 bestiis
1123 2051 1322 2090 interiere:
1349 2061 1439 2089 nam

133 2103 294 2142 morbus
316 2103 409 2142 haut
430 2116 546 2154 saepe
568 2117 800 2155 quemquam
825 2110 993 2155 superat.
1029 2106 1085 2145 Ad
1107 2106 1181 2145 hoc
1201 2105 1352 2145 malifiei
1373 2117 1438 2156 ge·
1452 2118 1484 2146 εει

100 2159 240 2197 7neris
270 2159 450 2208 pluruma
483 2160 674 2199 animalia.
736 2161 803 2199 Set
832 2162 896 2211 qui
926 2161 1107 2201 mortales
1135 2162 1240 2201 initio
1269 2161 1439 2201 Africam

133 2213 358 2258 habuerint,
392 2216 534 2266 quique
555 2221 688 2265 postea
709 2216 968 2261 adcesserint,
1002 2222 1067 2256 aut
1096 2229 1173 2268 quo
1194 2217 1309 2256 modo
1340 2218 1439 2256 inter

135 2280 176 2308 se
206 2271 387 2321 permixti
417 2271 510 2315 sint,
553 2284 786 2323 quamquam
818 2272 864 2311 ab
896 2283 939 2312 ea
970 2273 1195 2325 sama‚quae
1232 2272 1439 2324 plerosque

1527 2336 1537 2369 t

1520 2370 1537 2512 1
