1537 2512
227 97 282 122 m:
314 89 539 123 mmmmm
574 97 891 124 commanem:
922 96 955 122 C.
989 91 1041 124 46.
1071 91 1125 124 47.
1158 92 1211 125 48.
1314 85 1364 123 23

81 193 201 234 Ceteri
214 195 295 233 sine
311 206 418 232 mora
435 195 601 238 veniunt,
624 193 840 243 Caeparius,
863 193 976 243 paulo
999 199 1085 232 ante
1102 195 1215 232 domo
1236 205 1364 243 egres-
1379 202 1400 232 4

78 260 156 293 sus,
183 250 335 299 cognito
358 249 496 288 indicio
521 261 566 288 ex
596 248 693 287 urbe
714 248 950 298 profugerat.
1001 247 1141 287 Consul
1161 248 1365 288 Lentulum

78 303 176 355 quod
197 308 353 355 praetor
376 309 457 343 erat
476 305 556 354 ipse
579 315 696 343 manu
716 309 852 342 tenens
872 303 1068 354 perducit,
1089 304 1256 342 relicuos
1276 316 1364 342 cum

78 358 297 398 custodibus
324 360 362 397 in
393 358 526 398 aedem
548 359 783 398 Concordiae
804 359 934 397 venire
956 357 1074 397 iubet.
1115 359 1170 396 Eo
1191 364 1366 397 senatum
1380 366 1400 396 5

47 425 63 450 ⁵
83 412 247 458 advocat,
268 424 486 465 magnaque
506 414 721 465 frequentia
744 414 824 452 eius
847 413 991 452 ordinis
1014 411 1255 453 Volturcium
1278 426 1363 452 cum

77 467 206 517 legetis
225 469 444 513 introducit,
462 469 643 508 Flaccum
664 475 885 519 praetorem
905 469 1090 507 scrinium
1108 481 1195 507 cum
1215 468 1362 512 litteris,

77 534 171 573 quas
191 536 211 562 a
230 523 364 574 legatis
390 530 610 575 acceperat,
644 524 780 563 eodem
799 523 952 562 adferre
980 523 1096 562 iubet.
1149 523 1365 562 Volturcius
1379 520 1428 560 47

75 578 330 628 interrogatus
352 579 398 618 de
422 580 575 623 itinere,
607 579 654 618 de
680 578 833 622 litteris,
866 583 1061 628 postremo
1084 579 1174 629 quid
1195 583 1260 617 aut
1291 590 1365 629 qua

75 632 122 671 de
155 644 269 674 causa
305 633 437 672 consili
456 634 663 677 habuisset,
698 635 822 684 primo
845 633 990 682 fingere
1018 632 1101 677 alia,
1126 633 1365 672 dissimulare

29 699 62 726 10
76 686 122 725 de
154 690 433 728 coniuratione:
472 694 558 739 post
591 689 658 727 ubi
694 689 768 727 fide
798 687 951 738 publica
982 688 1109 727 dicere
1139 689 1264 727 iussus
1295 694 1363 732 est,

75 743 201 781 omnia
222 745 273 782 uti
295 748 401 793 gesta
422 749 531 782 erant
550 745 684 794 aperit,
703 744 889 793 docetque
908 754 948 781 se
970 744 1100 792 paucis
1121 747 1207 781 ante
1230 742 1365 782 diebus

75 808 95 835 a
127 797 285 837 Gabinio
313 805 349 837 et
379 798 561 849 Caepario
584 800 731 837 socium
752 798 940 836 adscitum
961 797 1053 836 nihil
1076 797 1238 848 amplius
1265 799 1364 836 scire

73 863 188 902 quam
208 852 370 903 legatos:
399 858 547 893 tantum
573 854 688 892 modo
721 853 854 892 audire
885 852 1038 891 solitum
1068 865 1113 891 ex
1136 853 1296 892 Gabinio
1320 853 1360 891 P.

72 907 299 947 Autronium
335 909 511 948 Servium
533 908 677 948 Sullam
714 909 755 946 L.
779 907 1068 956 Vargunteium,
1089 908 1230 946 multos
1250 919 1363 958 prae-

26 974 58 1000 15
71 966 177 1001 terea
214 964 253 1001 in
289 976 331 1003 ea
370 965 633 1003 coniuratione
665 975 759 1002 esse.
821 963 963 1001 Eadem
995 962 1091 1001 Galli
1120 963 1287 1002 fatentur
1319 969 1398 1002 ac2

70 1016 275 1057 Lentulum
304 1018 602 1058 dissimulantem
624 1023 839 1068 coarguunt
868 1022 1021 1067 praeter
1042 1017 1186 1056 litteras
1216 1030 1361 1056 sermo-

70 1071 204 1117 nibus,
247 1085 342 1124 quos
370 1074 431 1113 ille
460 1074 605 1113 habere
642 1073 773 1112 solitus
812 1078 912 1111 erat:
950 1084 996 1110 ex
1034 1072 1141 1110 libris
1173 1072 1363 1123 Sibyllinis

68 1137 234 1176 regnum
248 1127 392 1168 Romae
412 1129 535 1168 tribus
548 1128 732 1168 Corneliis
748 1127 946 1178 portendi:
969 1127 1127 1166 Cinnam
1146 1132 1260 1178 atque
1279 1128 1362 1166 Sul-

67 1181 145 1220 lam
160 1187 283 1228 antea,
301 1195 341 1223 se
357 1185 512 1223 tertium
529 1196 624 1227 esse,
645 1185 707 1222 cui
726 1183 843 1221 satum
862 1182 961 1220 foret
975 1182 1082 1221 urbis
1099 1184 1234 1233 potiri:
1251 1195 1362 1233 prae·

25 1251 57 1277 20
71 1241 176 1276 terea
207 1237 254 1277 ab
285 1240 442 1278 incenso
474 1238 657 1290 Capitolio
687 1238 794 1276 illum
824 1249 906 1276 esse
935 1238 1175 1287 vigesumum
1205 1249 1360 1277 annum.

71 1303 186 1342 quem
205 1304 320 1344 saepe
342 1307 387 1333 ex
410 1295 594 1345 prodigiis
615 1294 811 1343 aruspices
830 1292 1118 1342 respondissent
1142 1292 1243 1331 bello
1265 1293 1361 1331 civili

71 1352 273 1386 cruentum
299 1349 395 1388 fore.
446 1350 564 1400 Igitur
590 1347 769 1400 perlectis
794 1347 947 1391 litteris,
977 1359 1064 1386 cum
1090 1349 1198 1397 prins
1230 1354 1397 1387 omnes-3

69 1402 177 1451 signa
198 1414 266 1442 sua
289 1406 567 1453 cognovissent,
599 1409 753 1442 senatus
783 1403 973 1445 decernit,
1006 1403 1060 1440 uti
1082 1401 1257 1441 abdicato
1282 1415 1362 1441 ma-

69 1457 230 1506 gistratu
251 1458 436 1498 Lentulus
455 1460 623 1509 itemque
645 1459 763 1496 ceteri
783 1459 820 1495 in
839 1456 969 1495 liberis
991 1457 1171 1494 custodiis
1193 1457 1362 1496 habean-

23 1524 55 1550 23
68 1517 143 1550 tur.
187 1512 318 1564 ltaque
343 1513 527 1552 Lentulus
548 1514 589 1552 P.
612 1511 773 1552 Lentulo
800 1511 1007 1562 Spintheri,
1034 1512 1098 1561 qui
1120 1517 1200 1550 tum
1230 1511 1397 1551 aedilis4

69 1571 163 1611 erat,
191 1566 381 1617 Cethegus
403 1569 446 1614 Q.
476 1568 691 1611 Cornificio,
712 1566 879 1605 Statilius
909 1567 952 1606 G.
979 1565 1149 1610 Caesari,
1180 1566 1363 1606 Gabinius

68 1621 116 1660 M.
135 1621 284 1666 Crasso,
307 1622 513 1674 Caeparius
533 1646 578 1652 —
597 1635 685 1661 nam
710 1623 740 1660 is
761 1621 874 1673 paulo
897 1626 984 1660 ante
1001 1633 1046 1660 ex
1062 1621 1152 1671 suga
1173 1627 1362 1661 retractus

69 1682 152 1716 erat
177 1700 220 1705 —
246 1677 316 1716 Gn.
343 1678 523 1717 Terentio
544 1679 712 1717 senatori
735 1677 954 1717 traduntur.

179 1731 329 1772 Interea
359 1733 491 1783 plebes
512 1734 774 1773 coniuratione
795 1731 999 1781 patefacta,
1030 1737 1127 1781 q'uae
1149 1732 1274 1782 primo
1294 1744 1359 1771 cu·
1376 1733 1428 1773 48

23 1799 56 1826 80
69 1787 156 1837 pida
171 1799 304 1826 rerum
326 1800 512 1828 novarum
533 1789 645 1827 nimis
664 1787 764 1826 bello
786 1786 946 1830 favebat,
978 1791 1121 1824 mutata
1143 1792 1271 1825 mente
1293 1786 1362 1825 Ca-

69 1841 196 1880 tilinae
221 1843 376 1882 consilia
401 1845 592 1887 execrari,
621 1843 845 1882 Ciceronem
865 1841 912 1880 ad
941 1841 1088 1880 caelum
1107 1839 1262 1879 tollere:
1286 1841 1362 1880 vel-

68 1897 124 1935 uti
159 1909 205 1935 ex
243 1899 423 1937 servitute
454 1904 584 1949 erepta
614 1898 795 1947 gaudium
826 1902 939 1946 atque
968 1896 1147 1934 laetitiam
1175 1895 1359 1945 agitabat:

69 1963 234 2002 namque
264 1951 334 1990 alia
355 1952 445 1991 belli
475 1953 642 1992 facinora
664 1952 830 2002 praedae
851 1952 971 2001 magis
991 1962 1104 2001 quam
1132 1950 1361 1990 detrimento
1378 1962 1398 1992 2

70 2005 166 2050 sore,
192 2007 412 2046 incendium
433 2020 524 2047 vero
547 2007 703 2047 crudele
724 2006 1006 2045 inmoderatum
1027 2017 1071 2044 ac
1093 2005 1164 2044 sibi
1184 2017 1361 2046 maxume

26 2061 332 2103 &calamitosum
356 2062 524 2112 putabat,
550 2064 690 2114 quippe
712 2063 773 2101 cui
801 2073 934 2100 omnes
956 2062 1086 2111 copiae
1111 2061 1149 2098 in
1174 2073 1245 2100 usu
1268 2063 1361 2100 coti-

71 2116 183 2155 diano
209 2122 246 2156 et
276 2117 380 2156 cultu
412 2119 586 2168 corporis
617 2122 738 2156 erant.

181 2172 269 2211 Post
300 2185 387 2211 eum
409 2172 509 2212 diem
532 2173 685 2223 quidam
707 2172 748 2210 L.
771 2171 1000 2221 Tarquinius
1026 2171 1071 2210 ad
1095 2176 1269 2210 senatum
1295 2171 1359 2210 ad·
1377 2181 1394 2210 5³,

71 2226 206 2266 ductus
235 2233 334 2272 erat,
365 2240 478 2280 quem
510 2228 556 2266 ad
579 2226 776 2266 Catilinam
804 2226 1115 2277 proficiscentem
1149 2238 1195 2265 ex
1225 2226 1346 2265 itiner>
