1512 2512
2 1724 8 1732 .
0 1448 21 1696 ,κῃ-...φμμ-φμς
0 1267 20 1298 '·:
0 1248 2 1250 -
0 1184 10 1230 ..-,.
0 1159 2 1161 v
1 1127 9 1137 ψ,

0 2355 30 2433 ςῑιϊῖῑ.
0 1997 35 2339 :mstpmrae

623 101 869 128 PRAEFATIO.
1358 102 1401 128 XI

96 179 230 213 Linker.
272 196 313 202 —
344 179 398 217 79,
419 179 450 210 1.
481 177 704 215 memorabile.
735 177 765 209 si
789 187 856 209 non
880 176 1054 219 archetypi
1079 178 1298 219 scripturam,
1328 176 1403 209 Sal·

100 225 203 258 luetio
225 223 414 266 digniorem
438 231 532 261 esse,
563 231 665 262 quam
688 221 836 254 mirabile
867 221 950 253 mihi
975 231 1173 263 persuasum
1199 228 1263 260 est,
1295 230 1403 261 neque

99 269 211 302 obstat
239 267 331 308 quod
362 267 511 307 sequitur
542 276 735 299 memorare,
795 275 855 299 nos
884 275 1087 306 quamquam
1119 275 1258 307 prorsus
1295 266 1404 297 delere

99 323 166 346 non
196 321 300 344 ausus
331 321 424 349 sum,
462 318 570 342 tamen
603 311 721 342 melius
752 309 944 342 abfuturum
975 319 1049 341 cum
1075 308 1185 341 Coi-tio
1217 310 1337 342 iudico.
1362 328 1403 334 -

97 359 154 399 80,
173 357 204 389 6.
229 355 380 399 Boccho]
410 355 538 388 Bocchi
552 355 577 388 l.
617 354 690 387 Nisi
714 355 780 386 alia
804 364 908 394 eaque
924 353 1091 386 luculenta
1108 354 1307 386 documenta
1325 364 1404 396 pro-

98 400 164 434 ?ata
188 400 323 438 ruerint,
349 400 471 441 quibus
497 407 606 432 utrum
631 399 791 442 Iugurtha
817 398 951 436 Bocchi,
987 407 1028 429 an
1054 397 1107 429 hic
1131 398 1218 430 illius
1244 397 1346 430 filiam
1371 399 1404 430 in

100 446 350 478 matrimonium
375 445 520 480 duxerit,
545 444 683 486 planum
707 443 776 482 fiat,
806 443 941 475 Boccho
965 443 1006 474 ab
1031 442 1124 474 libris
1150 442 1404 483 antiquissumis

99 489 369 523 commendatum
400 489 609 520 retinendum
639 494 739 530 puto;
780 497 886 527 eoque
917 487 1026 529 magis
1058 486 1149 526 quod
1173 486 1341 519 Bocchum
1371 488 1404 518 in

99 535 271 568 Romanos
295 542 504 576 propensum
529 542 605 565 cum
621 532 783 574 Iugurtha
805 531 1009 564 adfinitatem
1026 532 1164 573 iungere
1180 531 1328 563 voluisse
1343 532 1406 563 mi-

99 589 163 612 nus
189 579 258 610 veri
282 578 391 610 simile
414 577 554 615 videtur,
580 587 680 617 quam
705 577 792 608 hunc
817 586 883 616 quo
909 575 998 607 illius
1022 576 1170 607 animum
1195 585 1256 618 per
1278 584 1404 619 proxu-

98 633 174 656 mos
199 622 381 664 inpelleret,
408 630 441 654 ut
467 621 535 653 filia
559 622 644 653 inter
660 621 747 652 illius
765 630 888 652 uxores
908 626 1008 658 esset,
1031 621 1214 652 curavisse.
1232 637 1273 643 —-
1297 620 1352 658 81,
1373 621 1405 652 2.

97 668 207 710 ibique
223 665 316 687 ****
333 665 505 707 Metellus]
536 666 581 698 ibi
605 665 643 705 Q.
657 666 818 698 Metellus
841 665 866 698 1.
909 663 1108 696 Rationibus
1133 673 1194 706 pro
1228 671 1260 695 et
1291 671 1405 696 contra

98 721 215 744 rursus
248 711 409 753 expensis
439 711 501 742 sub
537 710 645 742 iudice
675 710 763 742 litem
793 708 981 748 relinquere
1009 708 1110 740 malo.
1135 725 1179 731 --
1209 708 1263 746 85,
1282 711 1312 741 3.
1338 719 1406 740 cum

97 766 250 789 maaeumo
279 756 429 795 benificio
460 760 573 788 vostro
604 753 695 796 c.1.]
734 764 803 785 cum
839 763 989 785 maxumo
1026 757 1139 785 vostro
1169 752 1331 793 benificia
1365 770 1406 775 —

98 801 154 839 85,
175 802 226 833 10.
250 797 389 842 mutari]
414 803 541 832 mutare
558 800 582 831 Ι.
613 798 662 831 Ob
686 798 791 830 multa
815 797 969 839 exempla
986 807 1004 830 e
1021 798 1082 829 eti
1104 796 1322 828 confusorum
1340 806 1405 828 non

99 851 224 877 tantum
251 845 362 876 tribuo
386 844 492 875 codici
510 844 546 881 P,
572 849 607 875 ut
631 843 723 883 quod
747 852 849 874 uuum
875 842 1035 874 orationis
1062 841 1193 872 {lumini
1218 841 1406 878 conveniat,

98 889 188 921 illius
214 887 280 920 fide
303 893 439 921 mutem.
465 905 507 910 —
531 888 586 926 85,
606 889 658 920 11.
681 897 738 920 vos
761 889 929 928 imperare
953 882 1043 928 c.1.]
1078 896 1135 918 vos
1158 887 1402 927 imperatorem.

99 933 309 973 Quamquam
344 939 452 964 autem
483 933 547 964 sthi
583 932 624 964 ob
660 931 814 963 codicum
849 931 1081 962 auctoritatem
1119 930 1254 961 exulare
1289 930 1408 961 debere

99 987 261 1020 agnosco,
287 984 396 1008 tamen
422 978 500 1017 quia
525 977 777 1018 ambiguitatem
809 984 949 1017 prorsus
980 981 1139 1013 removet,
1171 974 1253 1005 mihi
1278 974 1409 1015 placere

99 1031 167 1054 uon
191 1021 316 1054 infitias
348 1022 396 1052 ire
421 1021 540 1053 audeo.
565 1038 608 1044 —-
637 1021 692 1059 85,
713 1021 763 1052 14.
789 1020 1000 1052 obiectantur
1023 1029 1050 1052 c.
1068 1015 1110 1061 1.]
1145 1018 1343 1051 obiciuntur.
1367 1035 1409 1042 —

99 1067 154 1105 85,
174 1067 226 1098 16.
248 1063 370 1108 possit]
394 1069 510 1107 posset
526 1065 552 1098 1.
571 1083 613 1088 —
638 1066 692 1102 85,
714 1066 765 1096 17.
785 1062 929 1105 faciant]
950 1064 1079 1103 faciunt
1097 1064 1119 1094 l.
1135 1079 1176 1085 —
1200 1064 1255 1101 85,
1273 1063 1329 1097 22.
1352 1072 1410 1094 res

98 1111 197 1143 habet
221 1120 249 1141 c.
269 1108 306 1152 1.]
335 1120 392 1142 res
415 1110 546 1142 habent.
572 1126 614 1131 —
645 1109 700 1149 85,
718 1109 772 1140 24.
802 1109 932 1140 huiusce
957 1109 1008 1139 rei
1032 1117 1059 1140 c.
1077 1104 1119 1149 1.]
1157 1108 1249 1139 cuius
1277 1108 1341 1139 rei.
1367 1122 1409 1130 —

100 1156 155 1193 85,
173 1155 227 1187 26.
252 1158 365 1187 vostro
388 1164 540 1186 maxumo
570 1164 598 1185 c.
618 1152 658 1195 1.]
689 1163 840 1185 maxumo
870 1157 993 1185 vostro.
1025 1168 1068 1174 —-
1099 1151 1178 1184 ibid.
1210 1160 1259 1183 me
1287 1160 1409 1193 vosque

100 1209 130 1232 c.
148 1197 189 1242 L]
216 1208 329 1241 meque
354 1208 488 1241 vosque.
521 1215 561 1221 —
592 1198 647 1235 85,
666 1199 719 1230 27.
752 1207 798 1228 ex
826 1197 927 1229 animi
953 1197 1017 1228 mei
1044 1196 1211 1228 sententia
1234 1205 1262 1227 c.
1288 1192 1330 1237 1.]
1365 1205 1411 1227 ex

100 1245 201 1276 animi
227 1245 407 1276 sententia.
438 1259 478 1266 —
510 1242 635 1281 85‚29.
663 1239 816 1283 pectore]
846 1251 991 1282 corpore
1022 1239 1045 1272 1.
1095 1238 1226 1271 Scilicet
1260 1239 1410 1278 volnera,

101 1297 187 1329 quae
217 1294 352 1330 pectore
382 1287 527 1318 advorso
559 1293 717 1328 excepta,
754 1285 858 1316 multo
889 1284 1109 1316 laudabiliora
1147 1290 1178 1316 et
1208 1283 1410 1325 gloriosiora

101 1338 192 1371 sunt,
216 1341 315 1372 quam
341 1340 426 1371 quae
451 1331 597 1363 advorso
621 1339 774 1373 corpore,
799 1339 880 1371 ergo
906 1329 956 1361 vel
981 1335 1094 1360 ventre
1117 1328 1168 1359 vel
1192 1328 1349 1370 pedibus.
1367 1343 1411 1351 —

105 1376 160 1414 85,
179 1377 233 1409 30.
258 1379 383 1418 egomet
407 1373 501 1418 meis]
530 1385 590 1417 eyo
614 1376 693 1407 meis
716 1374 742 1408 I.
781 1373 865 1406 Illud
895 1383 1097 1414 quamquam
1131 1382 1217 1404 unus
1243 1382 1285 1403 ex
1305 1371 1330 1404 C
1353 1381 1412 1403 ex-

108 1421 199 1452 hibet
222 1427 331 1452 tamen
357 1426 493 1462 optume
518 1421 688 1451 inventum
714 1428 800 1457 esse,
824 1428 898 1449 cum
926 1418 966 1449 ob
985 1418 1137 1449 codicum
1155 1416 1410 1458 discrepantias,

108 1471 177 1497 tum
203 1465 245 1496 ob
270 1465 453 1496 sententiae
470 1465 667 1506 gravitatem
691 1463 813 1496 iudico,
831 1478 873 1484 —
897 1463 951 1499 85,
970 1462 1025 1494 34.
1048 1461 1111 1493 Eis
1128 1459 1200 1503 eqo]
1226 1461 1294 1493 His
1308 1470 1371 1503 eqo
1386 1460 1412 1494 Ι.

107 1508 169 1547 Qui
195 1508 406 1540 librariorum
433 1515 585 1539 naturam
608 1517 786 1547 moresque
803 1507 943 1544 noverit,
969 1512 1077 1536 utrum
1095 1505 1146 1537 his
1169 1514 1208 1536 an
1226 1505 1256 1537 is
1279 1505 1301 1537 i.
1319 1515 1347 1538 e.
1364 1505 1413 1537 eis

105 1563 219 1586 verum
245 1553 300 1591 sit,
326 1562 393 1584 non
419 1562 461 1584 ex
486 1552 617 1584 illorum
643 1551 708 1583 fide
731 1550 984 1583 diiudicandum
1010 1559 1085 1581 esse
1109 1549 1202 1581 sciet.
1221 1567 1261 1572 —
1287 1549 1411 1586 85,:39.

105 1599 238 1630 incultis
260 1596 404 1629 moribus
428 1595 511 1637 c.1.]
541 1597 694 1628 incultum
724 1595 877 1627 moribus.
909 1611 954 1617 —
983 1593 1037 1631 89,
1055 1594 1109 1626 40.
1137 1594 1218 1625 viris
1248 1589 1409 1635 laborem]

103 1642 249 1674 laborem
273 1642 353 1673 viris
377 1641 402 1672 I.
449 1639 626 1672 Chiasmus
657 1649 733 1671 cum
764 1639 875 1671 latinis
909 1638 1114 1675 oratoribus,
1150 1644 1220 1669 tum
1252 1636 1412 1669 Sallustio

104 1687 150 1718 ita
174 1692 353 1718 consuetus
378 1691 439 1723 est,
464 1691 500 1717 ut
522 1695 574 1716 me
599 1694 666 1716 non
690 1683 826 1726 pudeat,
852 1683 942 1723 quod
961 1688 1070 1714 utrum
1097 1681 1130 1714 h.
1147 1681 1168 1712 l.
1185 1682 1226 1713 ab
1244 1690 1413 1724 gramma-

103 1729 177 1762 ticis
203 1729 316 1762 sciolis
342 1731 519 1761 restitutus
550 1738 592 1760 an
617 1730 658 1760 ab
682 1729 757 1770 ipso
783 1728 947 1770 scriptore
971 1727 1144 1758 institutus
1169 1727 1230 1764 sit,
1267 1726 1412 1758 incertus

104 1773 271 1807 haeream.
296 1791 338 1796 —
362 1774 416 1813 85,
435 1775 488 1806 41.
516 1773 626 1805 Verba
650 1774 739 1815 quod
760 1774 850 1804 iuvat
874 1778 910 1803 ut
933 1771 974 1803 ab
993 1771 1146 1802 omnibus
1164 1770 1337 1802 codicibus
1354 1769 1414 1801 ab·

105 1827 181 1851 esse
204 1818 370 1850 crederem
395 1823 584 1861 propterea,
610 1817 701 1857 quod
726 1818 757 1847 in
776 1816 909 1848 lordani
934 1815 1079 1847 editione
1097 1815 1222 1846 omissa
1238 1819 1330 1856 sunt,
1353 1813 1413 1846 ad-

104 1862 181 1895 duci
204 1871 270 1894 nou
289 1863 395 1904 potui.
415 1879 455 1885 ——
482 1862 562 1894 ibid.
595 1863 627 1893 in
652 1862 807 1894 conviviis
830 1869 897 1892 non
924 1860 964 1891 ob
983 1859 1141 1890 librorum
1159 1858 1271 1898 fidem,
1296 1863 1348 1890 set
1371 1857 1413 1890 ob

105 1907 304 1939 sententiam
329 1913 522 1948 suspectum
548 1906 673 1947 liabeo,
710 1912 825 1937 contra
854 1905 896 1936 ab
924 1904 1077 1936 sudorem
1109 1902 1271 1934 vocabulo
1306 1911 1410 1934 uncos

106 1951 242 1983 removi.
260 1967 303 1972 —
327 1951 382 1989 85,
399 1951 454 1982 42.
483 1947 685 1993 [omnibus]]
712 1949 776 1982 del.
794 1949 818 1980 1.
856 1947 905 1981 Ob
922 1947 1083 1979 librorum
1102 1946 1200 1979 fidem
1217 1955 1413 1989 suspectum

106 2005 182 2027 csse
205 1994 322 2033 fatcor,
349 1995 389 2026 ad
416 1996 612 2026 seutentiam
638 2001 726 2026 certe
750 1994 831 2025 haut
854 1991 1116 2026 incommodum.
1139 2007 1185 2015 —
1207 1991 1261 2030 85,
1275 1992 1330 2024 45.
1357 1991 1412 2022 Iza-

107 2039 181 2072 bete
204 2036 292 2080 c.1.]
316 2039 480 2071 habetote.
526 2039 575 2070 De
598 2044 697 2081 atque
728 2037 953 2080 suspiciones,
985 2046 1071 2076 quae
1095 2035 1176 2067 mihi
1202 2035 1243 2067 ob
1268 2035 1413 2067 latinita-

109 2090 175 2115 tem
199 2083 369 2124 subortae,
396 2083 543 2115 nondum
561 2083 712 2115 sublatae
728 2089 816 2113 sunt.
834 2099 875 2104 —
900 2081 955 2119 85,
973 2082 1027 2115 47.
1050 2081 1194 2122 periculi
1208 2089 1235 2111 c.
1255 2077 1298 2121 1.]
1318 2080 1414 2120 peri-

109 2128 206 2161 culis.
228 2144 269 2151 —
295 2127 350 2166 86,
370 2129 399 2159 1.
425 2129 543 2165 armis,
575 2129 651 2160 aliis
680 2122 827 2169 utilibus]
861 2126 961 2158 armis
991 2126 1130 2167 aliisque
1162 2123 1294 2156 utilibus
1315 2123 1341 2156 1.
1370 2139 1412 2146 —

107 2171 162 2210 88,
182 2172 212 2204 1.
236 2173 413 2213 accipitur]
440 2173 608 2213 excipitur
632 2173 655 2205 1.
693 2170 774 2203 Cum
807 2179 877 2204 acc.
910 2170 1038 2212 optumi
1072 2169 1146 2200 libri
1178 2168 1411 2205 conmendent.

107 2225 167 2248 cur
190 2217 360 2258 excipitur·
383 2226 425 2248 ex
451 2216 618 2248 nonnullis
644 2215 778 2247 alterius
804 2215 936 2257 generis
968 2213 1158 2245 necessario
1183 2211 1411 2255 recipiendum

107 2260 170 2299 sit,
201 2269 268 2292 nou
299 2262 480 2304 perspicio.
513 2278 552 2283 —
584 2261 639 2299 89,
656 2262 688 2293 3.
714 2261 798 2292 illum
822 2261 941 2301 procul
962 2255 1093 2300 abesse]
1126 2259 1213 2290 illum
1242 2256 1360 2290 abesse
1383 2254 1409 2286 1.
