1537 2512
131 89 183 128 64
361 100 416 125 Dr:
445 98 579 124 BELLO
609 96 873 124 thvR'rmNo
906 95 940 122 c.
972 89 1026 124 41.
1059 90 1116 123 42,
1147 90 1205 124 43.

130 197 255 250 plebis
287 197 342 235 vis
370 195 494 234 soluta
523 200 638 246 atque
667 195 840 244 dispersa
863 194 900 231 in
931 192 1173 232 multitudine
1201 191 1328 231 minus
1357 202 1428 242 po-

97 257 241 291 ·1terat.
291 251 510 290 Paucorum
540 250 698 289 arbitrio
727 248 819 288 belli
843 248 1023 299 domique
1045 247 1277 297 agitabatur:
1309 257 1430 296 penes

133 307 290 347 eosdem
319 307 512 345 aerarium
532 306 753 355 provinciae
776 304 1033 353 magistratus,
1061 302 1205 352 gloriae
1226 301 1428 352 triumphi-

133 375 208 413 que
239 366 359 406 erant,
386 359 552 412 populus
581 360 713 399 militia
733 363 846 410 atque
873 359 999 408 inopia
1027 357 1290 407 urguebatur:
1318 368 1430 407 prae-

101 419 202 457 8das
241 416 398 456 bellicas
424 416 678 466 imperatores
717 426 804 453 cum
836 415 968 464 paucis
996 412 1245 463 diripiebant:
1278 413 1458 451 intereau

133 476 313 524 parentes
330 476 395 510 aut
410 471 517 521 parvi
537 470 648 509 liberi
667 469 841 513 militum,
859 470 914 507 nti
930 469 1092 519 quisque
1111 469 1318 517 potentiori
1338 479 1429 506 con-

99 529 219 566 9finis
250 532 343 571 erat,
372 525 528 565 sedibus
557 525 812 575 pellebantur.
873 523 925 562 Ita
958 536 1045 562 cum
1075 524 1245 573 potentia
1276 523 1430 561 avaritia

134 584 216 622 sine
235 582 350 621 modo
370 581 633 631 modestiaque
654 579 847 624 invadere,
872 578 1047 629 polluere
1071 584 1109 617 et
1126 583 1274 617 vastare
1289 578 1428 621 omnia,

134 637 228 677 nihil
252 638 360 688 pensi
390 648 516 687 neque
536 637 658 674 saneti
678 635 842 679 habere,
875 635 1002 684 quoad
1027 639 1149 673 semet
1173 635 1254 684 ipsa
1283 634 1430 684 praeci-

81 697 123 730 10
137 694 278 744 pitavit.
309 691 406 731 Nam
420 691 487 730 ubi
502 692 669 741 primum
686 703 731 730 ex
747 689 942 728 nobilitate
959 690 1102 740 reperti
1118 694 1209 729 sunt
1222 689 1287 740 qui
1303 699 1433 728 veram
1446 699 1479 726 ιο
1527 692 1530 694 ’

137 750 297 799 gloriam
327 748 489 785 iniustae
518 747 710 796 potentiae
740 750 1038 796 anteponerent,
1065 745 1212 783 moveri
1238 744 1368 782 civitas
1397 749 1435 782 et

70 800 121 839 42
137 804 323 843 dissensio
351 802 466 841 civilis
496 803 605 852 quasi
630 802 833 851 permixtio
869 806 995 839 terrae
1026 801 1119 839 oriri
1143 800 1280 850 coepit.
1337 797 1434 838 Nam
1525 829 1537 853 ἆ

135 864 340 910 postquam
360 857 539 896 Tiberius
564 862 600 895 et
620 857 664 895 G.
684 856 893 899 Gracchus,
917 868 1084 906 quorum
1103 856 1268 894 maiores
1289 854 1434 893 Punico
1528 856 1537 931 ἶ

137 920 251 964 atque
273 913 354 952 aliis
377 912 486 951 bellis
507 911 670 950 multum
697 913 754 950 rei
777 910 953 961 publicae
977 911 1215 954 addiderant,
1240 910 1433 949 vindicare
1528 942 1537 1000 ἱ

1532 1001 1537 1060 i

136 969 290 1020 plebem
319 970 357 1007 in
387 967 604 1006 libertatem
631 972 669 1006 et
697 978 911 1017 paucorum
938 966 1086 1006 scelera
1107 965 1325 1016 patefacere
1347 972 1480 1003 coe-15

136 1037 242 1076 pere,
276 1023 453 1063 nobilitas
475 1024 587 1061 noxia
611 1027 725 1073 atque
746 1034 792 1061 eo
817 1022 992 1072 perculsa
1014 1022 1129 1060 modo
1149 1033 1219 1072 per
1244 1021 1369 1059 socios
1391 1031 1436 1059 ac

136 1092 278 1119 nomen
300 1080 489 1122 Latinum,
512 1078 705 1117 interdum
727 1089 797 1128 per
818 1079 964 1128 equites
985 1077 1192 1121 Romanos,
1224 1087 1320 1127 quos
1348 1087 1436 1126 spes

137 1136 328 1175 societatis
344 1147 363 1173 a
385 1133 498 1184 plebe
518 1134 748 1178 dimoverat,
771 1132 1037 1172 Gracchorum
1054 1131 1269 1172 actionibus
1286 1131 1437 1170 obviam

137 1192 252 1235 ierat,
281 1195 319 1229 et
347 1191 472 1240 primo
502 1189 713 1233 Tiberium,
740 1189 827 1228 dein
856 1200 1000 1238 paucos
1027 1193 1114 1238 post
1151 1199 1272 1226 annos
1303 1187 1436 1226 eadem

137 1246 417 1296 ingredientem
434 1244 582 1288 Gaium,
602 1244 800 1282 tribunum
818 1243 993 1287 alterum,
1011 1244 1174 1283 alterum
1195 1243 1436 1282 triumvirum
1448 1251 1481 1277 20
1532 1238 1537 1240 ’

139 1300 297 1340 coloniis
314 1300 573 1344 deducundis,
600 1312 685 1338 eum
702 1299 750 1337 M.
774 1299 906 1338 Fulvio
930 1299 1066 1338 Flacco
1092 1299 1196 1337 ferro
1218 1302 1434 1337 necaverat.

107 1357 188 1395 2Et
217 1368 308 1395 sane
337 1355 521 1396 Gracchis
551 1355 727 1405 cupidine
758 1355 937 1393 victoriae
968 1354 1062 1393 haut
1095 1356 1185 1393 satis
1215 1353 1436 1393 moderatus

106 1415 126 1448 3
141 1412 289 1450 animus
308 1412 388 1450 suit.
436 1410 501 1449 Set
530 1409 632 1449 bono
656 1411 753 1448 vinci
772 1411 889 1449 satius
908 1414 964 1448 est
985 1421 1097 1461 quam
1124 1409 1224 1448 malo
1249 1421 1358 1457 more
1379 1410 1436 1447 in·

106 1473 127 1504 4
142 1467 278 1505 iuriam
300 1468 466 1505 vincere.
527 1465 647 1515 Igitur
669 1478 712 1504 ea
733 1466 889 1504 victoria
913 1465 1090 1504 nobilitas
1111 1477 1157 1504 ex
1178 1464 1348 1503 lubidine
1369 1475 1437 1503 sua

139 1534 208 1562 usa
232 1521 371 1561 multos
394 1520 565 1561 mortalis
587 1521 690 1560 ferro
716 1526 780 1560 aut
801 1521 890 1570 fuga
912 1522 1070 1559 extinxit
1091 1521 1253 1571 plusque
1285 1521 1322 1558 in
1348 1519 1482 1558 reli-2⁵
1535 1551 1537 1555 .

141 1590 228 1617 eum
250 1578 321 1616 sibi
342 1579 490 1616 timoris
513 1589 627 1628 quam
649 1578 842 1627 potentiae
863 1576 1018 1615 addidit.
1062 1576 1167 1622 Quae
1184 1587 1245 1614 res
1267 1574 1437 1626 plerum-

141 1646 214 1684 que
244 1644 402 1682 magnas
428 1634 596 1672 civitates
624 1644 779 1681 pessum
803 1632 916 1673 dedit.
951 1632 1040 1670 dum
1064 1631 1172 1670 alteri
1195 1631 1335 1670 alteros
1357 1632 1438 1669 vin·

141 1700 230 1727 cere
264 1690 396 1739 quovis
426 1688 540 1726 modo
564 1693 602 1726 et
624 1689 741 1725 victos
761 1687 938 1726 acerbius
959 1687 1093 1726 ulcisci
1115 1686 1256 1725 volunt.
1301 1685 1367 1725 Set
1391 1685 1436 1724 de

141 1743 275 1782 studiis
304 1745 469 1793 partium
499 1748 535 1781 et
562 1744 685 1781 onmis
706 1744 864 1781 civitatis
885 1742 1057 1781 moribus
1080 1743 1110 1780 si
1131 1740 1350 1791 singulatim
1372 1746 1436 1779 aut

141 1811 213 1849 pro
244 1799 506 1849 magnitudine
537 1811 669 1849 parem
697 1798 907 1841 disserere,
939 1803 1090 1848 tempus
1119 1809 1232 1848 quam
1265 1808 1329 1836 res
1355 1808 1434 1835 ma—
1450 1807 1484 1834 30

108 1856 266 1893 5turius
296 1867 357 1893 ine
386 1854 547 1893 deserat.
609 1854 731 1899 Quam
762 1853 810 1892 ob
840 1865 922 1892 rem
953 1853 998 1893 ad
1024 1855 1218 1903 inceptum
1250 1851 1380 1891 redeo.

72 1909 126 1950 43
228 1911 318 1951 Post
334 1911 420 1950 Auli
432 1911 568 1950 foedus
583 1913 854 1959 exercitusque
871 1912 993 1948 nostri
1010 1909 1160 1947 l'oedain
1178 1907 1450 1958 sugamO.Me-

142 1964 254 2004 tellus
279 1971 316 2005 et
333 1967 381 2006 M.
401 1965 555 2005 Silanus
573 1965 751 2005 consules
774 1966 821 2004 de
843 1971 999 2004 senatus
1021 1965 1210 2004 sententia
1234 1964 1451 2015 provincias

148 2021 248 2060 inter
269 2033 310 2060 se
330 2023 574 2071 partirerant,
593 2020 821 2072 Metelloque
844 2020 1018 2059 Numidia
1041 2025 1241 2064 evenerat,
1264 2020 1344 2058 acri
1364 2019 1445 2057 viro

150 2081 187 2115 et
215 2088 446 2127 quamquam
478 2077 639 2116 advorso
670 2076 800 2127 populi
823 2078 987 2126 partium
1016 2076 1115 2115 sama
1144 2081 1273 2114 tamen
1304 2085 1443 2126 aequa·
1459 2085 1491 2111 ³⁵

116 2136 136 2167 2
151 2131 215 2170 bili
255 2137 290 2169 et
321 2132 507 2170 inviolata.
579 2132 613 2170 ls
644 2132 709 2170 ubi
741 2133 907 2181 primum
946 2133 1209 2181 magistratum
1250 2130 1446 2179 ingressus

152 2191 226 2231 est,
259 2186 329 2225 alia
355 2189 480 2225 onmia
512 2187 582 2225 sibi
614 2199 702 2225 cuni
733 2187 891 2236 conlega
924 2193 1047 2230 ratus.
1079 2186 1124 2225 ad
1153 2185 1316 2229 bellum.
1344 2185 1446 2236 quod

116 2248 135 2278 3
151 2247 329 2292 gesturus
351 2248 443 2287 erat,
466 2244 633 2281 animum
657 2243 827 2281 intendit.
861 2242 979 2290 Igitur
1002 2242 1178 2281 diffidens
1198 2242 1314 2280 veteri
1337 2252 1446 2280 exer-
