1537 2512
106 69 157 108 72
337 82 393 108 m:
424 80 560 108 nmmo
593 80 858 108 wavn'rmso
892 81 926 107 c.
950 77 1006 110 54.
1038 77 1092 110 55.
1118 77 1174 111 56.

72 189 94 223 9
108 180 200 218 dere
228 181 465 230 nequiverat,
488 180 527 218 in
548 178 681 218 alienis
701 178 845 218 bellum
867 190 1018 228 gerere.
1066 179 1213 219 Tamen
1233 192 1280 220 ex
1303 181 1413 232 copia

108 234 210 285 quod
241 239 444 284 optumum
473 234 674 273 videbatur
706 234 907 273 consilium
938 236 1056 284 capit:
1089 237 1302 275 exercitum
1329 235 1412 287 ple·

108 301 274 340 rumque
303 291 342 329 in
373 290 518 329 eisdem
547 289 641 328 locis
672 290 816 340 operiri
855 289 980 334 iubet,
1019 291 1102 340 ipse
1137 303 1224 330 cum
1256 290 1410 330 delectis

109 344 300 396 equitibus
327 345 524 384 Metellum
551 345 745 394 sequitur,
781 345 982 383 nocturnis
1021 350 1058 383 et
1091 341 1181 384 aviis
1210 346 1411 386 itineribus

54 402 310 450 loignoratus
338 400 535 440 Romanos
572 399 735 449 palantis
770 406 932 450 repente
971 401 1206 450 adgreditur.
1264 401 1439 441 Eorums

107 455 284 506 plerique
307 458 477 495 inermes
509 455 671 499 cadunt,
701 455 811 494 multi
841 458 1063 506 capiuntur,
1096 467 1211 495 nemo
1241 458 1411 496 omnium

108 513 273 550 intactus
302 511 488 562 profugit,
511 516 548 549 et
576 510 766 550 Numidae
795 511 904 560 prius
934 523 1049 562 quam
1080 523 1126 550 ex
1157 513 1292 550 castris
1319 511 1411 551 sub·

108 567 319 611 veniretur,
350 567 463 605 sicuti
491 567 584 604 iussi
615 571 736 610 erant,
759 567 798 604 in
821 578 1034 616 proxumos
1063 566 1169 606 collis
1199 566 1410 606 discedunt.

42 625 93 663 55
220 622 380 661 Interim
399 622 546 661 Romae
570 621 753 670 gaudium
774 622 911 670 ingens
939 627 1067 660 ortum
1090 623 1253 671 cognitis
1272 621 1413 661 Metelli

109 677 248 722 rebus,
278 682 321 716 ut
339 687 459 726 seque
481 682 519 714 et
541 676 755 713 exercitum
776 687 887 712 more
908 676 1101 714 maiorum
1121 682 1289 726 gereret,
1317 678 1412 716 utin
1428 689 1461 716 ιο

115 734 279 772 advorso
295 733 380 771 loco
396 734 518 771 victor
533 738 659 770 tamen
675 733 813 770 virtute
823 731 966 776 fuisset,
979 733 1146 771 hostium
1163 744 1257 782 agro
1271 734 1413 784 potire-

109 794 192 833 tur,
221 788 450 838 Iugurtham
480 787 727 838 magnificum
757 800 805 826 ex
833 787 919 826 Auli
944 787 1072 827 Albini
1100 789 1277 828 socordia
1306 800 1415 839 spem

77 854 96 885 2
111 843 243 883 salutis
263 844 303 882 in
323 843 527 882 solitudine
549 847 616 881 aut
637 842 727 892 fuga
749 844 936 892 coegisset
956 843 1115 882 habere.
1152 843 1285 895 Itaque
1304 855 1414 883 sena-

110 905 172 939 tus
189 898 245 949 ob·
256 911 301 938 ea
317 899 479 938 feliciter
496 903 580 937 acta
596 897 676 936 deis
696 898 964 937 inmortalibus
980 898 1168 949 subplicia
1188 899 1412 943 decernere,

113 956 244 993 civitas
273 954 425 1004 trepida
446 959 557 992 antea
582 958 619 992 et
642 953 803 992 sollicita
823 954 870 992 de
892 953 984 992 belli
1008 960 1144 993 eventu
1166 955 1264 994 laeta
1285 965 1417 1004 agere,
1451 965 1461 971 ·

112 1011 159 1049 de
186 1009 340 1049 Metello
369 1009 469 1060 fama
498 1009 699 1060 praeclara
729 1021 824 1048 esse.

76 1074 97 1106 3
223 1066 346 1115 Igitur
369 1077 414 1104 eo
431 1065 612 1103 intentior
630 1065 676 1103 ad
698 1066 895 1104 victoriam
918 1066 997 1107 niti.
1022 1065 1201 1105 omnibus
1216 1065 1342 1104 modis
1362 1065 1417 1104 fe·

112 1122 276 1160 stinare:
304 1133 439 1159 cavere
467 1126 614 1164 tamen,
647 1120 788 1160 necubi
800 1120 902 1159 hosti
919 1121 1305 1171 opportunusfieret‚
1337 1133 1417 1159 me-

76 1177 269 1215 aminisse
297 1181 385 1226 post
411 1176 573 1225 gloriam
602 1176 782 1214 invidiam
811 1177 932 1226 sequi.
976 1176 1029 1214 lta
1052 1189 1127 1227 quo
1156 1176 1295 1216 clarior
1321 1182 1415 1220 erat,

114 1244 158 1271 eo
180 1233 301 1282 magis
319 1229 486 1284 [animo]
504 1233 641 1269 anxius
659 1237 752 1275 erat,
773 1243 899 1281 neque
924 1237 1011 1282 post
1032 1232 1187 1271 insidias
1208 1232 1416 1282 Iugurthae
1429 1244 1464 1270 πο

114 1287 234 1326 effuso
266 1288 440 1325 exercitu
473 1286 672 1337 praedari:
713 1286 777 1325 ubi
818 1288 1011 1326 frumento
1050 1293 1115 1326 aut
1143 1287 1286 1338 pabulo
1321 1299 1418 1337 opus

114 1347 216 1387 erat,
257 1342 438 1381 cohortes
474 1354 562 1381 cum
598 1343 704 1381 omni
735 1344 904 1392 equitatu
942 1344 1178 1393 praesidium
1204 1343 1417 1393 agitabant:

78 1398 309 1438 5exercitus
337 1403 489 1448 partem
519 1398 619 1448 ipse,
651 1397 817 1436 relicuos
847 1397 988 1436 Marius
1018 1399 1195 1438 ducebat.
1246 1399 1312 1438 Set
1340 1399 1420 1449 igni

80 1455 235 1504 &magis
266 1465 381 1504 quam
412 1453 556 1503 praeda
589 1464 680 1502 ager
714 1454 947 1492 vastabatur.
1014 1454 1174 1493 Duobus
1203 1453 1298 1493 locis
1326 1454 1421 1493 haut

79 1509 228 1559 7longe
257 1510 357 1548 inter
387 1520 427 1547 se
460 1515 585 1547 castra
615 1509 824 1548 faciebant:
866 1509 932 1548 ubi
970 1511 1002 1548 vi
1044 1522 1141 1560 opus
1178 1516 1260 1549 erat
1291 1511 1464 1549 cunctizs

114 1565 285 1609 aderant,
311 1569 483 1603 ceterum
516 1576 592 1614 quo
625 1565 713 1614 luga
745 1570 858 1616 atque
890 1565 1054 1604 formido
1084 1565 1195 1604 latius
1225 1570 1420 1605 cresceret

80 1625 99 1656 S
114 1620 255 1659 divorsi
279 1619 457 1670 agebant.
487 1619 542 1658 Eo
565 1626 741 1670 tempore
761 1620 946 1671 Iugurtha
963 1633 1032 1672 per
1056 1621 1163 1660 collis
1178 1623 1299 1672 sequi,
1323 1627 1419 1661 tem-

113 1687 185 1727 pus
207 1681 272 1715 aut
292 1675 420 1714 locum
442 1686 595 1725 pugnae
618 1688 826 1726 quaerere,
859 1688 932 1726 qua
954 1682 1161 1716 venturum
1180 1677 1331 1716 hostem
1352 1689 1419 1716 au-

115 1732 237 1771 dierat
265 1731 451 1782 pabulum
478 1736 514 1770 et
544 1743 732 1781 aquarum
761 1731 886 1775 sontis,
920 1744 1086 1782 quorum
1112 1734 1297 1783 paenuria
1323 1738 1418 1776 erat,

114 1798 386 1838 conrumpere,
416 1786 530 1824 modo
560 1798 601 1826 se
627 1787 796 1843 Metelloz
820 1788 1015 1826 interdum
1046 1788 1166 1826 Mario
1201 1788 1462 1832 ostenderem

114 1848 332 1894 postremos
359 1844 396 1881 in
418 1843 571 1892 agmine
600 1849 789 1891 temptare
818 1854 863 1881 ac
893 1844 1019 1881 statim
1049 1844 1087 1882 in
1112 1843 1219 1882 collis
1249 1843 1416 1894 regredi,

114 1910 251 1938 rursus
268 1898 350 1937 aliis
383 1903 470 1949 post
490 1897 570 1936 aliis
592 1899 770 1941 minitari,
794 1910 920 1949 neque
936 1899 1126 1948 proelium
1147 1899 1276 1938 facere
1294 1911 1420 1949 neque

115 1955 233 1993 otium
265 1955 360 2004 pati,
392 1958 540 1991 tantum
571 1953 686 1992 modo
717 1953 868 1993 hostem
900 1953 947 1992 ab
977 1955 1130 2004 incepto
1159 1956 1339 1994 retinere.

46 2011 98 2049 56
226 2009 424 2048 Romanus
445 2011 656 2060 imperator
677 2009 742 2048 ubi
771 2021 813 2048 se
849 2009 944 2048 dolis
988 2010 1136 2060 fatigari
1165 2010 1266 2049 videt.
1293 2020 1419 2060 neque

114 2064 162 2104 ab
193 2065 303 2103 hoste
335 2065 485 2114 copiam
514 2065 712 2115 pugnandi
740 2065 844 2108 fieri,
873 2064 1011 2103 urbem
1042 2077 1220 2116 magnam
1241 2071 1279 2104 et
1307 2066 1345 2104 in
1373 2078 1418 2105 ea
1430 2077 1465 2104 35

114 2126 242 2171 parte,
267 2133 341 2171 qua
364 2121 432 2158 sita
457 2126 556 2162 erat..
590 2133 719 2159 arcem
743 2122 879 2169 regni,
911 2122 1065 2159 nomine
1085 2121 1259 2165 Zamam,
1289 2122 1420 2160 statuit

114 2176 362 2226 obpugnare,
395 2181 518 2219 ratus,
550 2177 586 2214 id
609 2177 711 2226 quod
744 2177 938 2226 negotium
971 2176 1165 2226 poscebat,
1192 2175 1419 2226 Iugurtham

113 2231 378 2270 laborantibus
406 2232 484 2269 suis
510 2231 650 2270 auxilio
684 2238 906 2277 venturum,
936 2231 1063 2283 ibique
1095 2230 1284 2282 proelium
1321 2231 1417 2272 fore.
