1537 2512
336 101 392 127 m:
412 101 546 128 nmmo
571 101 835 128 wovn'rmno
855 101 890 128 c.
915 98 992 131 101.
1018 97 1096 131 102.
1292 91 1362 130 101

71 200 117 238 At
144 198 349 249 Iugurtha,
382 199 474 238 dum
503 205 719 240 sustentare
749 211 838 238 suos
871 205 908 238 et
936 211 1057 249 prope
1088 201 1162 238 iam
1191 199 1404 250 adeptamo

71 255 268 293 victoriam
287 255 455 293 retinere
477 255 581 304 cupit
610 256 893 294 circumventus
918 254 965 293 ab
998 254 1201 304 equitibus,
1234 255 1367 294 dextra

74 309 226 348 sinistra
247 308 428 348 omnibus
449 310 584 348 occisis
605 309 710 349 solus
732 311 830 349 inter
855 308 926 348 tela
950 309 1116 348 hostium
1138 309 1368 349 vitabundus

71 366 249 415 erumpit.
295 364 418 415 Atque
447 365 599 403 interim
629 365 770 404 Marius
803 365 941 414 fugatis
972 364 1164 415 equitibus
1194 365 1364 404 adcurrit
1382 372 1421 404 10

41 433 54 457 ⁵
72 418 210 458 auxilio
231 421 321 463 suis,
345 431 441 471 quos
469 419 558 469 pelli
577 421 651 458 iam
681 425 894 469 acceperat.
939 419 1111 470 Denique
1132 420 1262 459 hostes
1292 422 1365 459 iam

71 475 239 525 undique
265 475 349 513 susi.
395 475 493 514 Tum
519 475 780 525 spectaculum
803 475 986 514 horribile
1009 476 1044 513 in
1070 477 1213 525 campis
1233 480 1364 526 paten-
1382 485 1418 516 11

70 529 191 569 tibus:
217 531 326 580 sequi
348 529 500 580 sugere,
529 531 650 569 occidi
674 532 778 581 capi:
806 532 894 582 equi
914 536 1027 581 atque
1053 532 1122 569 viri
1143 530 1296 574 adflicti,
1321 542 1365 569 ac

70 584 178 624 multi
207 585 428 624 volueribus
456 587 622 636 acceptis
647 598 773 637 neque
796 587 929 636 sugere
958 597 1072 636 posse
1102 597 1227 636 neque
1260 587 1364 636 quie-

69 646 146 679 tem
173 641 273 691 pati,
300 641 368 679 niti
395 640 509 679 modo
539 653 584 680 ac
605 643 730 680 statim
753 641 974 680 concidere:
996 646 1192 691 postremo
1225 642 1362 683 omnia,

25 705 55 731 ιο
70 707 144 747 qua
174 696 275 734 visus
305 701 398 740 erat,
432 702 623 735 constrata
651 696 735 736 telis
761 698 876 735 armis
904 696 1171 740 cadaveribus,
1205 701 1242 735 et
1266 697 1365 734 inter

70 763 114 790 ea
134 750 276 789 humus
296 750 436 790 insecta
461 754 658 801 sanguine.

182 806 273 844 Post
294 819 336 845 ea
357 806 432 845 loci
453 807 587 845 consul
615 807 707 846 haut
731 806 845 846 dubie
865 808 940 845 iam
961 809 1080 845 victor
1107 808 1279 857 pervenit
1300 808 1336 844 in
1358 801 1429 844 102

71 862 254 912 oppidum
285 861 438 905 Cirtam,
466 874 541 912 quo
567 863 672 901 initio
702 862 898 913 profectus
924 862 1150 901 intenderat.
1201 861 1255 900 Eo
1279 868 1398 912 post2

71 917 171 955 diem
188 917 362 967 quintum
380 928 494 968 quam
517 919 654 956 iterum
673 917 828 956 barbari
849 917 946 956 male
966 921 1231 968 pugnaverant
1250 917 1364 967 legati

26 983 90 1011 15a
106 971 262 1011 Boccho
283 974 452 1016 veniunt,
478 975 541 1023 qui
572 974 672 1023 regis
700 972 826 1011 verbis
848 972 894 1010 ah
917 972 1034 1011 Mario
1056 974 1236 1023 petivere,
1269 972 1365 1011 duos

70 1038 184 1078 quam
210 1027 427 1066 fidissumos
457 1028 503 1066 ad
534 1040 621 1067 eum
647 1030 831 1067 mitteret:
863 1027 957 1066 velle
978 1027 1024 1066 de
1049 1039 1089 1066 se
1111 1033 1148 1066 et
1166 1028 1213 1066 de
1235 1027 1364 1077 populi

68 1082 232 1122 Romani
253 1083 455 1121 commodo
482 1095 568 1122 cum
587 1084 640 1122 eis
661 1084 861 1122 disserere.
911 1083 977 1122 llle
1004 1084 1129 1122 statim
1155 1083 1196 1121 L.
1220 1081 1397 1121 Sulla1n3

69 1143 107 1177 et
128 1139 171 1176 A.
206 1137 387 1177 Manlium
417 1140 473 1177 ire
497 1139 613 1178 iubet.
666 1140 736 1184 Qui
761 1150 992 1190 quamquam
1023 1139 1132 1177 acciti
1160 1138 1283 1182 ibant,
1309 1142 1363 1176 ta-

71 1205 160 1232 men
190 1192 336 1244 placuit
367 1193 483 1232 verba
515 1194 614 1244 apud
646 1205 775 1242 regem
807 1193 952 1237 facere,
991 1194 1045 1231 nti
1074 1194 1270 1242 ingenium
1300 1197 1365 1231 aut

24 1265 56 1291 20
70 1260 249 1288 avorsum
267 1249 488 1291 flecterent,
521 1255 586 1287 aut
607 1249 787 1299 cupidum
812 1251 916 1299 pacis
939 1249 1200 1287 vehementius
1224 1248 1363 1287 adcen-

69 1303 217 1343 derent.
261 1303 394 1355 ltaque
420 1303 543 1349 Sulla,
568 1306 675 1343 cuius
695 1304 916 1349 facundiae,
948 1315 1024 1342 non
1047 1305 1158 1342 aetati
1182 1315 1202 1341 a
1224 1302 1397 1342 Manlio4

69 1370 309 1404 concessum,
340 1371 463 1410 pauca
497 1360 613 1398 verba
641 1360 800 1398 huiusce
829 1359 931 1397 modi
957 1359 1127 1398 locutus:

182 1413 275 1454 ‘Rex
295 1413 461 1459 Bocche,
485 1426 621 1464 magna
645 1414 782 1453 laetitia
815 1414 926 1452 nobis
949 1419 1022 1457 est,
1072 1424 1159 1451 cum
1186 1419 1221 1451 te
1247 1412 1360 1451 talem
1375 1423 1396 1455 5

69 1472 194 1510 virum
216 1470 277 1509 dei
299 1481 487 1509 monuere
507 1472 562 1508 uti
591 1470 794 1521 aliquando
817 1481 951 1519 pacem
975 1481 1088 1519 quam
1109 1468 1250 1507 bellum
1269 1467 1363 1506 mal-

25 1525 126 1568 ales
153 1537 230 1565 neu
260 1531 298 1564 te
323 1530 523 1576 optumum
555 1538 642 1564 cum
672 1537 853 1575 pessumo
882 1526 1052 1563 omnium
1070 1523 1253 1574 Iugurtha
1274 1524 1362 1561 mis-

74 1581 200 1620 cendo
221 1581 532 1626 conmaculares‚
563 1582 675 1621 simul
704 1583 816 1621 nohis
847 1583 1026 1622 demeres
1047 1584 1227 1622 acerbam
1251 1596 1382 1623 ueces-

75 1636 296 1682 situdinem,
319 1639 465 1689 pariter
491 1642 526 1676 te
551 1643 746 1677 errantem
770 1643 886 1690 atque
904 1638 1012 1678 illum
1030 1638 1383 1679 sceleratissumum

82 1694 275 1743 persequi.
327 1693 383 1731 Ad
412 1693 485 1732 hoc
515 1694 657 1744 populo
685 1693 859 1732 Romano
885 1695 960 1733 iam
983 1707 1003 1733 a
1034 1695 1221 1744 principio
1237 1695 1410 1743 imperio

82 1747 218 1787 melius
241 1748 363 1787 visum
392 1749 534 1787 amicos
556 1761 670 1799 quam
700 1761 831 1788 servos
855 1761 1059 1799 quaerere:
1090 1750 1284 1799 tutiusque
1303 1749 1375 1787 rati

36 1802 297 1844 aovolentibus
326 1815 440 1854 quam
471 1806 611 1843 coactis
625 1806 859 1855 imperitare.
893 1804 978 1842 Tibi
1003 1816 1094 1842 vero
1109 1803 1213 1842 nulla
1237 1815 1373 1855 oppor-
1391 1813 1410 1843 7

83 1859 211 1897 tunior
239 1863 369 1897 nostra
396 1861 578 1903 amicitia,
618 1861 783 1910 primum
825 1861 909 1909 quia
940 1859 1074 1909 procul
1101 1859 1303 1902 absumus,
1337 1860 1375 1897 in

84 1926 159 1965 quo
191 1912 374 1953 obsensae
404 1916 638 1959 minumum,
678 1917 798 1964 gratia
837 1927 906 1964 par
938 1927 981 1953 ac
1011 1915 1041 1952 si
1072 1925 1193 1964 prope
1223 1914 1374 1953 adesse-

82 1981 188 2013 mus,
213 1969 299 2008 dein
321 1971 407 2020 quia
428 1971 597 2020 parentis
617 1970 769 2009 abunde
792 1969 995 2013 habemus,
1020 1971 1228 2008 amicorum
1250 1980 1375 2019 neque

82 2024 194 2064 nohis
218 2036 343 2074 neque
365 2026 541 2076 cuiquam
568 2027 738 2064 omnium
758 2027 848 2064 satis
872 2026 951 2064 suit.
993 2027 1115 2075 Atque
1134 2024 1208 2062 hoc
1230 2026 1409 2066 utinamS

34 2091 104 2120 asa
128 2081 317 2131 principio
348 2080 416 2119 tibi
448 2081 668 2131 placuisset!
698 2081 873 2132 profecto
904 2093 947 2119 ex
970 2080 1112 2131 populo
1134 2079 1307 2118 Romano
1327 2080 1373 2118 ad

82 2135 159 2175 hoc
189 2141 344 2186 tempus
367 2136 487 2175 multo
508 2136 619 2187 plura
641 2136 742 2175 bona
763 2138 995 2187 accepisses,
1029 2148 1143 2186 quam
1165 2134 1262 2173 mala
1286 2146 1374 2185 per-

82 2202 218 2242 pessus
246 2203 299 2230 es.
339 2191 405 2230 Set
426 2193 605 2242 quoniam
625 2192 881 2231 humanarum
904 2204 1033 2230 rerum
1059 2192 1226 2229 Fortuna
1248 2189 1371 2240 plera·
1387 2200 1409 2229 s»

82 2258 157 2298 que
186 2247 303 2296 regit,
342 2248 403 2285 cui
433 2247 577 2287 scilicet
605 2247 746 2297 placuit
776 2253 812 2287 et
843 2249 916 2286 vim
946 2253 983 2285 et
1013 2247 1173 2296 gratiam
1203 2251 1373 2283 nostram
