1537 2512
124 95 178 134 46
442 105 496 130 m:
526 103 661 130 nmmo
691 103 957 131 wovnrnmo
989 103 1023 130 c.
1057 102 1110 132 14.

124 205 227 248 stitit,
251 204 307 242 uti
331 204 368 242 in
390 202 569 242 omnibus
590 201 700 242 bellis
722 201 873 240 adesset
894 200 1024 240 vobis:
1045 213 1117 240 nos
1137 201 1192 240 uti
1215 212 1285 252 per
1310 197 1431 240 otium
1493 211 1503 226 ³

125 260 196 298 tuti
225 260 356 303 simus,
387 259 425 297 in
455 262 583 297 vostra
608 269 726 297 manu
757 261 824 299 est,
851 261 982 306 patres
1007 257 1226 307 conscripti.

72 321 113 354 14
236 313 351 353 Pater
372 325 442 352 nos
458 313 555 352 duos
576 313 716 352 fratres
736 312 905 363 reliquit,
935 313 1093 352 tertium
1115 310 1343 362 Iugurtham
1362 310 1432 350 be·

126 369 261 408 nificiis
285 370 364 408 suis
385 373 492 408 ratus
521 373 577 408 est
603 369 851 407 coniunctum
876 367 989 406 nobis
1016 367 1112 406 fore.
1162 366 1268 406 Alter
1295 377 1433 406 eorum

73 431 113 464 15
127 429 286 463 necatus
310 429 378 469 est,
401 423 558 463 alterius
585 425 668 474 ipse
691 434 762 473 ego
787 434 925 461 manus
944 423 1066 474 inpias
1089 424 1149 461 vix
1170 423 1298 472 effugi.
1332 420 1465 467 Quids

127 480 264 529 agam?
287 485 352 519 aut
375 491 451 531 quo
467 481 723 530 potissumum
742 477 873 516 infelix
896 477 1106 517 adcedam?
1135 477 1297 517 Generis
1317 488 1431 528 prae—

127 535 221 574 sidia
248 535 376 574 omnia
405 535 570 573 extincta
603 539 710 573 sunt:
742 537 864 584 pater,
888 536 943 572 uti
972 544 1130 572 necesse
1152 537 1246 577 erat,
1269 536 1433 572 naturae

129 591 338 629 concessit:
362 590 492 634 fratri,
518 601 633 640 quem
661 590 831 627 minume
855 588 1000 633 decuit,
1031 589 1242 639 propincus
1259 599 1330 638 per
1349 599 1432 626 sce·

127 645 187 685 lus
211 646 326 684 vitam
350 646 508 695 eripuit:
541 644 676 683 adfinis
711 644 854 683 amicos
889 645 1130 695 propinquos
1155 649 1306 683 ceteros
1325 652 1434 682 meos

129 701 246 740 alium
265 700 336 740 alia
367 700 496 740 clades
517 699 728 751 obpressit:
759 700 859 749 capti
887 699 935 738 ab
957 698 1143 749 Iugurtha
1164 710 1256 750 pars
1275 699 1314 738 in
1344 709 1434 737 cru·
1447 707 1487 736 io

130 768 214 795 cem
245 757 339 801 acti,
367 767 458 807 pars
487 755 619 794 bestiis
649 755 789 794 obiecti
809 760 913 802 sunt,
955 756 1090 805 pauci,
1123 754 1263 805 quibus
1301 753 1436 793 relicta

130 819 188 854 est
217 815 363 857 anima,
396 812 516 851 clausi
547 812 585 849 in
607 811 795 855 tenebris,
820 822 907 849 cum
930 822 1109 849 maerore
1131 814 1167 849 et
1186 808 1294 848 luctu
1309 812 1437 847 morte

129 868 347 916 graviorem
373 867 487 905 vitam
517 867 684 916 exigunt.

77 926 119 959 16
248 922 288 961 Si
318 923 464 966 omnia,
495 933 593 973 quae
623 927 688 960 aut
718 922 826 960 amisi
855 926 920 960 aut
949 933 994 960 ex
1024 921 1251 960 necessariis
1273 919 1433 958 advorsa
1512 962 1514 964 v

132 978 231 1017 sacta
253 982 362 1021 sunt,
379 976 586 1016 incolumia
607 982 822 1021 manerent,
839 981 988 1021 tamen,
1007 977 1038 1014 si
1060 976 1151 1027 quid
1174 988 1218 1015 ex
1240 975 1435 1026 inproviso
1450 987 1482 1013 1⁵

131 1032 220 1072 mali
251 1033 472 1077 accidisset,
504 1044 570 1071 vos
597 1031 846 1082 inplorarem,
878 1037 1008 1082 patres
1038 1032 1265 1082 conscripti,
1296 1029 1438 1081 quibus

132 1100 203 1139 pro
229 1088 494 1139 magnitudine
508 1088 649 1138 imperi
662 1089 722 1126 ius
746 1093 781 1127 et
801 1088 960 1126 iniurias
981 1087 1104 1126 omnis
1126 1098 1242 1126 curae
1265 1097 1349 1125 esse
1371 1085 1437 1125 de-

78 1153 117 1185 17
134 1149 204 1182 cet.
257 1143 371 1183 Nunc
391 1155 483 1183 vero
504 1143 591 1182 exul
612 1144 736 1194 patria
761 1143 887 1187 domo,
911 1142 1015 1182 solus
1039 1147 1154 1193 atque
1176 1142 1348 1181 omnium
1367 1141 1438 1180 ho·

132 1204 330 1238 nestarum
351 1211 484 1238 rerum
514 1210 654 1249 egenS,
685 1210 760 1249 quo
785 1198 970 1238 adcedam
1022 1202 1088 1237 aut
1108 1210 1204 1249 quos
1223 1195 1438 1248 adpellem?

132 1255 358 1293 nationesne
401 1266 448 1293 au
483 1265 619 1303 reges,
652 1255 717 1305 qui
747 1265 880 1293 omnes
910 1253 1075 1293 familiae
1104 1258 1261 1292 nostrae
1292 1252 1341 1292 ob
1372 1264 1486 1294 ωηο
1520 1282 1523 1283 ⁷

133 1315 252 1349 stram
273 1310 477 1349 amicitiam
497 1310 625 1348 infesti
646 1309 758 1348 sunt?
793 1310 850 1348 An
873 1321 1068 1361 quoquam
1091 1308 1185 1347 mihi
1205 1308 1312 1347 adire
1336 1308 1436 1353 licet,

133 1365 199 1404 ubi
216 1377 293 1404 non
310 1366 500 1404 maiorum
519 1376 695 1404 meorum
710 1364 862 1403 hostilia
882 1369 1132 1403 monumenta
1153 1363 1333 1415 pluruma
1349 1364 1437 1409 sint,

134 1425 199 1459 aut
229 1421 432 1471 quisquam
461 1421 584 1460 nostri
609 1421 785 1460 misereri
815 1425 960 1470 potest,
1000 1421 1064 1471 qui
1095 1419 1299 1471 aliquando
1330 1418 1439 1458 vobis
1472 1445 1475 1450 -

134 1476 254 1515 hostis
286 1475 380 1515 fuit?

80 1537 120 1570 18
245 1531 447 1571 Postremo
470 1531 667 1570 Masinissa
695 1543 766 1570 nos
791 1532 840 1570 ita
865 1532 1043 1576 instituit,
1066 1535 1196 1581 patres
1218 1530 1436 1580 conscripti,
1451 1543 1485 1570 2⁵
1528 1564 1530 1566 ,

133 1599 181 1627 ne
203 1598 319 1638 quem
351 1587 567 1626 coleremus
597 1588 669 1626 nisi
695 1586 882 1638 populum
903 1586 1133 1631 Romanum,
1164 1598 1213 1626 ne
1238 1586 1440 1625 societates

133 1655 210 1689 neu
227 1641 385 1681 foedera
402 1653 498 1680 nova
515 1642 796 1692 acciperemus,
824 1642 975 1681 abunde
998 1653 1137 1691 magna
1158 1640 1347 1692 praesidia
1369 1653 1438 1680 no-

134 1698 192 1738 bis
220 1698 258 1736 in
282 1702 407 1736 vostra
437 1698 600 1736 amicitia
624 1698 724 1737 sore:
754 1699 784 1736 si
808 1698 896 1736 huic
911 1697 1076 1748 imperio
1093 1697 1246 1736 fortuna
1268 1701 1438 1736 mutare·

83 1761 123 1794 19
137 1760 216 1798 tur,
240 1764 317 1792 una
339 1753 593 1792 occidundum
611 1753 720 1791 nobis
742 1764 835 1792 esse.
885 1753 1032 1791 Virtute
1055 1765 1099 1791 ac
1122 1752 1202 1792 deis
1222 1752 1439 1791 volentibus

135 1809 264 1859 magni
286 1809 375 1848 estis
397 1813 434 1848 et
456 1808 644 1858 opulenti,
668 1809 795 1847 omnia
811 1808 979 1847 secunda
1003 1813 1040 1847 et
1061 1807 1304 1847 oboedientia
1326 1813 1415 1847 sunt
1429 1821 1437 1846 ε
1452 1824 1483 1851 3·
1534 1815 1537 1863 j

136 1876 211 1916 quo
240 1863 388 1903 facilius
419 1865 614 1903 sociorum
643 1865 801 1903 iniurias
826 1875 966 1902 curare
993 1863 1093 1902 licet.
1533 1866 1537 1893 ἱ

79 1929 123 1962 20
248 1919 414 1958 Tantum
441 1919 533 1958 illud
561 1931 716 1964 vereor,
753 1931 799 1958 ue
822 1931 918 1970 quos
944 1919 1087 1969 privata
1117 1920 1281 1959 amicitia
1302 1919 1439 1970 Iugur-

135 1975 222 2014 thae
252 1986 390 2025 parum
422 1976 573 2026 cognita
595 1980 836 2014 transvorsos
866 1981 976 2025 agat,
1010 1986 1106 2026 quos
1126 1985 1199 2025 ego
1221 1975 1334 2015 audio
1358 1987 1439 2014 ma·

136 2042 251 2070 xuma
282 2043 354 2081 ope
385 2032 474 2075 niti,
508 2030 655 2070 ambire
686 2031 846 2080 fatigare
872 2042 937 2068 vos
967 2030 1157 2080 singulos,
1189 2042 1238 2070 ne
1269 2030 1360 2082 quid
1391 2030 1439 2069 de
1532 2059 1537 2082 ;

136 2086 295 2126 absente
317 2087 508 2136 incognita
540 2097 655 2126 causa
684 2087 879 2126 statuatis:
919 2087 1065 2136 tingere
1088 2098 1148 2125 me
1170 2085 1286 2125 verba
1312 2091 1349 2125 et
1378 2085 1437 2125 su·
1454 2102 1486 2129 ³5

84 2152 119 2183 ‘21
138 2154 224 2193 gam
247 2141 440 2185 simulare,
473 2143 534 2180 cui
560 2141 710 2181 licuerit
735 2143 770 2181 in
787 2152 908 2192 regno
934 2153 1102 2181 manere.
1150 2140 1261 2186 Quod
1293 2142 1438 2181 utinam

138 2197 265 2242 illum,
295 2198 432 2248 quoius
452 2198 554 2247 inpio
578 2197 748 2237 facinore
776 2198 812 2236 in
836 2197 903 2236 has
925 2197 1097 2236 miserias
1120 2198 1315 2247 proiectus
1340 2209 1439 2242 sum,

139 2253 272 2292 eadem
298 2253 393 2292 haec
414 2252 657 2292 simulantem
683 2253 841 2296 videam,
875 2259 909 2292 et
932 2252 1136 2303 aliquando
1162 2258 1227 2291 aut
1251 2252 1353 2303 apud
1377 2264 1441 2292 vos
