<?xml version="1.0" encoding="UTF-8"?>
<!DOCTYPE html PUBLIC "-//W3C//DTD XHTML 1.0 Transitional//EN"
    "http://www.w3.org/TR/xhtml1/DTD/xhtml1-transitional.dtd">
<html xmlns="http://www.w3.org/1999/xhtml" xml:lang="en" lang="en">
 <head>
  <title>
</title>
<meta http-equiv="Content-Type" content="text/html;charset=utf-8" />
  <meta name='ocr-system' content='tesseract 3.04.00' />
  <meta name='ocr-capabilities' content='ocr_page ocr_carea ocr_par ocr_line ocrx_word'/>
</head>
<body>
  <div class='ocr_page' id='page_1' title='image "./libridecatilinae00salluoft_0020.png"; bbox 0 0 1512 2512; ppageno 0'>
   <div class='ocr_carea' id='block_1_1' title="bbox 101 83 877 116">
    <p class='ocr_par' dir='ltr' id='par_1_1' title="bbox 101 83 877 116">
     <span class='ocr_line' id='line_1_1' title="bbox 101 83 877 116; baseline -0.008 -1"><span class='ocrx_word' id='word_1_1' title='bbox 101 89 162 116; x_wconf 74' lang='grc' dir='ltr'>ΧΠ</span> <span class='ocrx_word' id='word_1_2' title='bbox 632 83 877 111; x_wconf 74' lang='lat' dir='ltr'>PRAEFATIO.</span> 
     </span>
    </p>
   </div>
   <div class='ocr_carea' id='block_1_2' title="bbox 99 158 1422 2289">
    <p class='ocr_par' dir='ltr' id='par_1_2' title="bbox 100 158 1422 1716">
     <span class='ocr_line' id='line_1_2' title="bbox 103 158 1412 202; baseline -0.002 -6"><span class='ocrx_word' id='word_1_3' title='bbox 103 163 207 196; x_wconf 82' lang='lat' dir='ltr'>nihilo</span> <span class='ocrx_word' id='word_1_4' title='bbox 232 162 405 194; x_wconf 83' lang='lat' dir='ltr'>adnotato.</span> <span class='ocrx_word' id='word_1_5' title='bbox 453 158 541 192; x_wconf 90' lang='lat' dir='ltr'>Num</span> <span class='ocrx_word' id='word_1_6' title='bbox 565 161 668 202; x_wconf 85' lang='lat' dir='ltr'>igitur</span> <span class='ocrx_word' id='word_1_7' title='bbox 690 160 726 192; x_wconf 90' lang='lat' dir='ltr'>in</span> <span class='ocrx_word' id='word_1_8' title='bbox 752 160 908 192; x_wconf 89' lang='lat' dir='ltr'>omnibus</span> <span class='ocrx_word' id='word_1_9' title='bbox 938 160 1109 193; x_wconf 83' lang='lat' dir='ltr'><strong>codicibus</strong></span> <span class='ocrx_word' id='word_1_10' title='bbox 1134 161 1255 194; x_wconf 84' lang='lat' dir='ltr'>abesse</span> <span class='ocrx_word' id='word_1_11' title='bbox 1278 161 1412 193; x_wconf 84' lang='lat' dir='ltr'>credam</span> 
     </span>
     <span class='ocr_line' id='line_1_3' title="bbox 103 203 1414 250; baseline -0.002 -10"><span class='ocrx_word' id='word_1_12' title='bbox 103 217 211 250; x_wconf 88' lang='lat' dir='ltr'>angor</span> <span class='ocrx_word' id='word_1_13' title='bbox 235 213 267 239; x_wconf 84' lang='lat' dir='ltr'>et</span> <span class='ocrx_word' id='word_1_14' title='bbox 289 205 474 237; x_wconf 82' lang='lat' dir='ltr'>excrucior.</span> <span class='ocrx_word' id='word_1_15' title='bbox 503 221 549 228; x_wconf 90' lang='lat'>—-</span> <span class='ocrx_word' id='word_1_16' title='bbox 577 205 631 243; x_wconf 84' lang='lat'>89,</span> <span class='ocrx_word' id='word_1_17' title='bbox 647 205 677 237; x_wconf 77' lang='lat'>5,</span> <span class='ocrx_word' id='word_1_18' title='bbox 699 209 842 246; x_wconf 87' lang='lat' dir='ltr'>praeter</span> <span class='ocrx_word' id='word_1_19' title='bbox 870 206 997 246; x_wconf 86' lang='lat' dir='ltr'>oppido</span> <span class='ocrx_word' id='word_1_20' title='bbox 1025 203 1234 249; x_wconf 86' lang='lat' dir='ltr'>propinqua]</span> <span class='ocrx_word' id='word_1_21' title='bbox 1270 209 1414 247; x_wconf 81' lang='lat' dir='ltr'>praeter</span> 
     </span>
     <span class='ocr_line' id='line_1_4' title="bbox 104 248 1411 294; baseline -0.002 -9"><span class='ocrx_word' id='word_1_22' title='bbox 104 252 234 294; x_wconf 84' lang='lat' dir='ltr'>oppida</span> <span class='ocrx_word' id='word_1_23' title='bbox 253 251 446 292; x_wconf 84' lang='lat' dir='ltr'>propinqua</span> <span class='ocrx_word' id='word_1_24' title='bbox 469 248 495 282; x_wconf 89' lang='lat'>1.</span> <span class='ocrx_word' id='word_1_25' title='bbox 536 248 623 280; x_wconf 91' lang='lat' dir='ltr'>Num</span> <span class='ocrx_word' id='word_1_26' title='bbox 651 249 706 289; x_wconf 90' lang='lat' dir='ltr'>id,</span> <span class='ocrx_word' id='word_1_27' title='bbox 742 248 834 289; x_wconf 91' lang='lat' dir='ltr'>quod</span> <span class='ocrx_word' id='word_1_28' title='bbox 865 258 907 280; x_wconf 82' lang='lat' dir='ltr'>ex</span> <span class='ocrx_word' id='word_1_29' title='bbox 937 250 1056 291; x_wconf 84' lang='lat' dir='ltr'>paucis</span> <span class='ocrx_word' id='word_1_30' title='bbox 1087 251 1204 290; x_wconf 87' lang='lat' dir='ltr'>eisque</span> <span class='ocrx_word' id='word_1_31' title='bbox 1233 249 1411 283; x_wconf 84' lang='lat' dir='ltr'>deterioris</span> 
     </span>
     <span class='ocr_line' id='line_1_5' title="bbox 103 291 1413 335; baseline -0.002 -6"><span class='ocrx_word' id='word_1_32' title='bbox 103 303 203 329; x_wconf 83' lang='lat' dir='ltr'>notae</span> <span class='ocrx_word' id='word_1_33' title='bbox 225 295 319 327; x_wconf 86' lang='lat' dir='ltr'>libris</span> <span class='ocrx_word' id='word_1_34' title='bbox 343 294 501 332; x_wconf 87' lang='lat' dir='ltr'>innotuit,</span> <span class='ocrx_word' id='word_1_35' title='bbox 527 294 628 325; x_wconf 87' lang='lat' dir='ltr'>etiam</span> <span class='ocrx_word' id='word_1_36' title='bbox 652 294 685 324; x_wconf 90' lang='lat' dir='ltr'>in</span> <span class='ocrx_word' id='word_1_37' title='bbox 710 291 763 324; x_wconf 89' lang='lat' dir='ltr'>PC</span> <span class='ocrx_word' id='word_1_38' title='bbox 786 293 949 335; x_wconf 87' lang='lat' dir='ltr'>scriptum</span> <span class='ocrx_word' id='word_1_39' title='bbox 974 294 1018 325; x_wconf 86' lang='lat' dir='ltr'>sit</span> <span class='ocrx_word' id='word_1_40' title='bbox 1040 293 1193 326; x_wconf 84' lang='lat' dir='ltr'>dubitare</span> <span class='ocrx_word' id='word_1_41' title='bbox 1216 303 1270 326; x_wconf 89' lang='lat' dir='ltr'>me</span> <span class='ocrx_word' id='word_1_42' title='bbox 1293 293 1413 327; x_wconf 84' lang='lat' dir='ltr'>fateor.</span> 
     </span>
     <span class='ocr_line' id='line_1_6' title="bbox 103 338 1415 381; baseline -0.001 -10"><span class='ocrx_word' id='word_1_43' title='bbox 103 357 146 363; x_wconf 94' lang='lat'>—</span> <span class='ocrx_word' id='word_1_44' title='bbox 170 340 297 372; x_wconf 86' lang='lat' dir='ltr'>Ibidem</span> <span class='ocrx_word' id='word_1_45' title='bbox 317 339 419 370; x_wconf 82' lang='lat' dir='ltr'>verba</span> <span class='ocrx_word' id='word_1_46' title='bbox 442 342 565 370; x_wconf 89' lang='lat' dir='ltr'>natura</span> <span class='ocrx_word' id='word_1_47' title='bbox 579 338 783 380; x_wconf 77' lang='lat' dir='ltr'><em>serpentium</em></span> <span class='ocrx_word' id='word_1_48' title='bbox 806 338 883 379; x_wconf 82' lang='lat' dir='ltr'>ipsa</span> <span class='ocrx_word' id='word_1_49' title='bbox 895 339 1091 379; x_wconf 85' lang='lat' dir='ltr'>perniciosa</span> <span class='ocrx_word' id='word_1_50' title='bbox 1108 339 1199 370; x_wconf 90' lang='lat' dir='ltr'>omni</span> <span class='ocrx_word' id='word_1_51' title='bbox 1216 339 1415 381; x_wconf 79' lang='lat' dir='ltr'>suspicione</span> 
     </span>
     <span class='ocr_line' id='line_1_7' title="bbox 103 382 1415 426; baseline -0.001 -9"><span class='ocrx_word' id='word_1_52' title='bbox 103 394 214 417; x_wconf 86' lang='lat' dir='ltr'>carere</span> <span class='ocrx_word' id='word_1_53' title='bbox 239 390 275 416; x_wconf 83' lang='lat' dir='ltr'>ut</span> <span class='ocrx_word' id='word_1_54' title='bbox 297 383 491 421; x_wconf 85' lang='lat' dir='ltr'>iudicarem,</span> <span class='ocrx_word' id='word_1_55' title='bbox 517 382 668 414; x_wconf 91' lang='lat' dir='ltr'>nondum</span> <span class='ocrx_word' id='word_1_56' title='bbox 692 382 813 414; x_wconf 83' lang='lat' dir='ltr'>adduci</span> <span class='ocrx_word' id='word_1_57' title='bbox 830 383 938 424; x_wconf 86' lang='lat' dir='ltr'>potui.</span> <span class='ocrx_word' id='word_1_58' title='bbox 957 399 998 405; x_wconf 93' lang='lat'>--</span> <span class='ocrx_word' id='word_1_59' title='bbox 1023 383 1078 421; x_wconf 85' lang='grc'><strong>89,</strong></span> <span class='ocrx_word' id='word_1_60' title='bbox 1096 383 1127 415; x_wconf 86' lang='grc'>7.</span> <span class='ocrx_word' id='word_1_61' title='bbox 1152 393 1218 426; x_wconf 87' lang='lat' dir='ltr'>qua</span> <span class='ocrx_word' id='word_1_62' title='bbox 1234 400 1276 407; x_wconf 96' lang='lat'>—</span> <span class='ocrx_word' id='word_1_63' title='bbox 1293 382 1415 426; x_wconf 63' lang='lat' dir='ltr'>ageba-</span> 
     </span>
     <span class='ocr_line' id='line_1_8' title="bbox 103 427 1415 470; baseline -0.001 -9"><span class='ocrx_word' id='word_1_64' title='bbox 103 433 158 462; x_wconf 85' lang='lat' dir='ltr'>tur</span> <span class='ocrx_word' id='word_1_65' title='bbox 183 439 225 461; x_wconf 84' lang='lat' dir='ltr'>ex</span> <span class='ocrx_word' id='word_1_66' title='bbox 248 427 385 460; x_wconf 84' lang='lat' dir='ltr'>Linkeri</span> <span class='ocrx_word' id='word_1_67' title='bbox 409 437 472 459; x_wconf 89' lang='lat' dir='ltr'>em.</span> <span class='ocrx_word' id='word_1_68' title='bbox 518 437 602 470; x_wconf 88' lang='lat' dir='ltr'>quae</span> <span class='ocrx_word' id='word_1_69' title='bbox 619 444 661 450; x_wconf 93' lang='lat'>—</span> <span class='ocrx_word' id='word_1_70' title='bbox 678 427 798 469; x_wconf 68' lang='lat' dir='ltr'>agebat</span> <span class='ocrx_word' id='word_1_71' title='bbox 822 427 847 460; x_wconf 88' lang='grc'>1.</span> <span class='ocrx_word' id='word_1_72' title='bbox 881 444 926 449; x_wconf 88' lang='grc'><strong>-</strong></span> <span class='ocrx_word' id='word_1_73' title='bbox 956 427 999 458; x_wconf 90' lang='lat' dir='ltr'>ib.</span> <span class='ocrx_word' id='word_1_74' title='bbox 1031 429 1098 459; x_wconf 87' lang='lat' dir='ltr'>illis</span> <span class='ocrx_word' id='word_1_75' title='bbox 1122 428 1194 459; x_wconf 89' lang='lat' dir='ltr'>sine</span> <span class='ocrx_word' id='word_1_76' title='bbox 1219 428 1314 459; x_wconf 89' lang='lat' dir='ltr'>uncis</span> <span class='ocrx_word' id='word_1_77' title='bbox 1339 437 1368 460; x_wconf 89' lang='lat' dir='ltr'>c.</span> <span class='ocrx_word' id='word_1_78' title='bbox 1389 427 1415 460; x_wconf 88' lang='lat'>1.</span> 
     </span>
     <span class='ocr_line' id='line_1_9' title="bbox 102 468 1416 515; baseline -0.002 -9"><span class='ocrx_word' id='word_1_79' title='bbox 102 490 146 497; x_wconf 94' lang='lat'>—</span> <span class='ocrx_word' id='word_1_80' title='bbox 170 474 227 515; x_wconf 87' lang='lat'>91,</span> <span class='ocrx_word' id='word_1_81' title='bbox 245 474 275 506; x_wconf 78' lang='lat'>7.</span> <span class='ocrx_word' id='word_1_82' title='bbox 304 468 437 514; x_wconf 88' lang='lat' dir='ltr'>[ante]]</span> <span class='ocrx_word' id='word_1_83' title='bbox 498 472 552 503; x_wconf 89' lang='lat' dir='ltr'>ine</span> <span class='ocrx_word' id='word_1_84' title='bbox 580 472 677 503; x_wconf 79' lang='lat' dir='ltr'>uncis</span> <span class='ocrx_word' id='word_1_85' title='bbox 702 471 727 503; x_wconf 89' lang='lat'>1.</span> <span class='ocrx_word' id='word_1_86' title='bbox 775 470 856 502; x_wconf 88' lang='lat' dir='ltr'>Mihi</span> <span class='ocrx_word' id='word_1_87' title='bbox 886 471 1085 513; x_wconf 81' lang='lat' dir='ltr'>glossatoris</span> <span class='ocrx_word' id='word_1_88' title='bbox 1117 481 1253 504; x_wconf 82' lang='lat' dir='ltr'>manum</span> <span class='ocrx_word' id='word_1_89' title='bbox 1284 471 1416 504; x_wconf 83' lang='lat' dir='ltr'>videtur</span> 
     </span>
     <span class='ocr_line' id='line_1_10' title="bbox 104 515 1415 559; baseline -0.001 -10"><span class='ocrx_word' id='word_1_90' title='bbox 104 517 204 549; x_wconf 90' lang='lat' dir='ltr'>olere.</span> <span class='ocrx_word' id='word_1_91' title='bbox 229 533 271 540; x_wconf 92' lang='lat'>—</span> <span class='ocrx_word' id='word_1_92' title='bbox 296 518 350 555; x_wconf 91' lang='lat'><strong>92,</strong></span> <span class='ocrx_word' id='word_1_93' title='bbox 367 517 384 547; x_wconf 94' lang='lat'>1</span> <span class='ocrx_word' id='word_1_94' title='bbox 410 521 442 547; x_wconf 88' lang='lat' dir='ltr'>et</span> <span class='ocrx_word' id='word_1_95' title='bbox 465 517 485 548; x_wconf 93' lang='lat'><strong>3</strong></span> <span class='ocrx_word' id='word_1_96' title='bbox 510 516 602 556; x_wconf 88' lang='lat' dir='ltr'>quod</span> <span class='ocrx_word' id='word_1_97' title='bbox 626 515 763 547; x_wconf 82' lang='lat' dir='ltr'>lacunas</span> <span class='ocrx_word' id='word_1_98' title='bbox 789 515 829 546; x_wconf 89' lang='lat' dir='ltr'>ab</span> <span class='ocrx_word' id='word_1_99' title='bbox 849 515 874 549; x_wconf 93' lang='lat' dir='ltr'>I.</span> <span class='ocrx_word' id='word_1_100' title='bbox 900 516 1009 558; x_wconf 85' lang='lat' dir='ltr'>signis</span> <span class='ocrx_word' id='word_1_101' title='bbox 1033 516 1180 548; x_wconf 73' lang='lat' dir='ltr'>indicata</span> <span class='ocrx_word' id='word_1_102' title='bbox 1204 516 1337 559; x_wconf 81' lang='lat' dir='ltr'>explevi</span> <span class='ocrx_word' id='word_1_103' title='bbox 1361 525 1415 548; x_wconf 88' lang='lat' dir='ltr'>me</span> 
     </span>
     <span class='ocr_line' id='line_1_11' title="bbox 103 559 1414 604; baseline -0.001 -10"><span class='ocrx_word' id='word_1_104' title='bbox 103 571 171 594; x_wconf 90' lang='lat' dir='ltr'>non</span> <span class='ocrx_word' id='word_1_105' title='bbox 195 561 355 604; x_wconf 86' lang='lat' dir='ltr'>paenitet.</span> <span class='ocrx_word' id='word_1_106' title='bbox 379 578 422 582; x_wconf 97' lang='lat'><strong>—</strong></span> <span class='ocrx_word' id='word_1_107' title='bbox 447 560 501 598; x_wconf 86' lang='lat'><strong>92,</strong></span> <span class='ocrx_word' id='word_1_108' title='bbox 520 562 553 593; x_wconf 89' lang='lat'>5.</span> <span class='ocrx_word' id='word_1_109' title='bbox 579 561 682 593; x_wconf 87' lang='lat' dir='ltr'>omnis</span> <span class='ocrx_word' id='word_1_110' title='bbox 706 571 727 592; x_wconf 90' lang='lat' dir='ltr'>a</span> <span class='ocrx_word' id='word_1_111' title='bbox 751 559 887 602; x_wconf 86' lang='lat' dir='ltr'>natura]</span> <span class='ocrx_word' id='word_1_112' title='bbox 912 562 1015 592; x_wconf 85' lang='lat' dir='ltr'>omnis</span> <span class='ocrx_word' id='word_1_113' title='bbox 1039 564 1161 593; x_wconf 88' lang='lat' dir='ltr'>natura</span> <span class='ocrx_word' id='word_1_114' title='bbox 1184 560 1222 599; x_wconf 93' lang='grc'>1.,</span> <span class='ocrx_word' id='word_1_115' title='bbox 1248 567 1300 593; x_wconf 83' lang='lat' dir='ltr'>set</span> <span class='ocrx_word' id='word_1_116' title='bbox 1322 570 1414 593; x_wconf 86' lang='lat' dir='ltr'>com-</span> 
     </span>
     <span class='ocr_line' id='line_1_12' title="bbox 102 605 1413 648; baseline -0.001 -10"><span class='ocrx_word' id='word_1_117' title='bbox 102 611 288 638; x_wconf 83' lang='lat' dir='ltr'>memorata</span> <span class='ocrx_word' id='word_1_118' title='bbox 310 614 386 637; x_wconf 83' lang='lat' dir='ltr'>mea</span> <span class='ocrx_word' id='word_1_119' title='bbox 409 605 609 636; x_wconf 86' lang='lat' dir='ltr'>coniectura.</span> <span class='ocrx_word' id='word_1_120' title='bbox 634 621 676 627; x_wconf 95' lang='lat'>—</span> <span class='ocrx_word' id='word_1_121' title='bbox 700 606 756 645; x_wconf 87' lang='lat'><strong>92,</strong></span> <span class='ocrx_word' id='word_1_122' title='bbox 773 605 804 636; x_wconf 84' lang='grc'>7.</span> <span class='ocrx_word' id='word_1_123' title='bbox 827 606 921 641; x_wconf 83' lang='lat' dir='ltr'>satis,</span> <span class='ocrx_word' id='word_1_124' title='bbox 946 605 1077 646; x_wconf 74' lang='lat' dir='ltr'>mayna]</span> <span class='ocrx_word' id='word_1_125' title='bbox 1101 606 1186 637; x_wconf 84' lang='lat' dir='ltr'>satis</span> <span class='ocrx_word' id='word_1_126' title='bbox 1202 608 1236 637; x_wconf 87' lang='lat' dir='ltr'>et</span> <span class='ocrx_word' id='word_1_127' title='bbox 1251 615 1372 648; x_wconf 66' lang='lat' dir='ltr'>magna</span> <span class='ocrx_word' id='word_1_128' title='bbox 1387 605 1413 637; x_wconf 90' lang='lat'>1.</span> 
     </span>
     <span class='ocr_line' id='line_1_13' title="bbox 101 645 1417 692; baseline 0.001 -11"><span class='ocrx_word' id='word_1_129' title='bbox 101 666 146 675; x_wconf 93' lang='lat'>—</span> <span class='ocrx_word' id='word_1_130' title='bbox 170 650 214 682; x_wconf 90' lang='lat' dir='ltr'>ib.</span> <span class='ocrx_word' id='word_1_131' title='bbox 242 649 453 692; x_wconf 84' lang='lat' dir='ltr'>turribusque</span> <span class='ocrx_word' id='word_1_132' title='bbox 486 645 537 692; x_wconf 86' lang='lat' dir='ltr'>[et</span> <span class='ocrx_word' id='word_1_133' title='bbox 559 651 634 682; x_wconf 89' lang='lat' dir='ltr'>altis</span> <span class='ocrx_word' id='word_1_134' title='bbox 663 646 999 692; x_wconf 70' lang='lat' dir='ltr'>machinationibus-H</span> <span class='ocrx_word' id='word_1_135' title='bbox 1032 649 1244 692; x_wconf 87' lang='lat' dir='ltr'>turribusque</span> <span class='ocrx_word' id='word_1_136' title='bbox 1275 654 1308 682; x_wconf 87' lang='lat' dir='ltr'>et</span> <span class='ocrx_word' id='word_1_137' title='bbox 1338 650 1417 682; x_wconf 78' lang='lat' dir='ltr'>altis</span> 
     </span>
     <span class='ocr_line' id='line_1_14' title="bbox 101 693 1417 736; baseline -0.002 -8"><span class='ocrx_word' id='word_1_138' title='bbox 101 694 398 728; x_wconf 71' lang='lat' dir='ltr'>machinationibus</span> <span class='ocrx_word' id='word_1_139' title='bbox 420 694 446 726; x_wconf 87' lang='lat'>1.</span> <span class='ocrx_word' id='word_1_140' title='bbox 493 693 529 725; x_wconf 93' lang='lat' dir='ltr'>In</span> <span class='ocrx_word' id='word_1_141' title='bbox 554 693 627 726; x_wconf 91' lang='lat' dir='ltr'>loco</span> <span class='ocrx_word' id='word_1_142' title='bbox 651 694 877 736; x_wconf 83' lang='lat' dir='ltr'>apertissume</span> <span class='ocrx_word' id='word_1_143' title='bbox 900 693 1032 725; x_wconf 87' lang='lat' dir='ltr'>turbato</span> <span class='ocrx_word' id='word_1_144' title='bbox 1064 703 1172 734; x_wconf 87' lang='lat' dir='ltr'>neque</span> <span class='ocrx_word' id='word_1_145' title='bbox 1199 700 1236 726; x_wconf 84' lang='lat' dir='ltr'>ut</span> <span class='ocrx_word' id='word_1_146' title='bbox 1259 698 1293 727; x_wconf 91' lang='lat' dir='ltr'>et</span> <span class='ocrx_word' id='word_1_147' title='bbox 1323 693 1417 735; x_wconf 83' lang='lat' dir='ltr'>quod</span> 
     </span>
     <span class='ocr_line' id='line_1_15' title="bbox 103 737 1417 781; baseline 0 -10"><span class='ocrx_word' id='word_1_148' title='bbox 103 741 137 771; x_wconf 92' lang='lat' dir='ltr'>in</span> <span class='ocrx_word' id='word_1_149' title='bbox 161 739 332 771; x_wconf 87' lang='lat' dir='ltr'>codicibus</span> <span class='ocrx_word' id='word_1_150' title='bbox 357 737 442 770; x_wconf 85' lang='lat' dir='ltr'>falso</span> <span class='ocrx_word' id='word_1_151' title='bbox 469 738 586 770; x_wconf 84' lang='lat' dir='ltr'>ordine</span> <span class='ocrx_word' id='word_1_152' title='bbox 609 739 759 781; x_wconf 85' lang='lat' dir='ltr'>positum</span> <span class='ocrx_word' id='word_1_153' title='bbox 776 745 838 780; x_wconf 87' lang='lat' dir='ltr'>est,</span> <span class='ocrx_word' id='word_1_154' title='bbox 865 739 1059 780; x_wconf 85' lang='lat' dir='ltr'>reciperem,</span> <span class='ocrx_word' id='word_1_155' title='bbox 1087 748 1194 779; x_wconf 83' lang='lat' dir='ltr'>neque</span> <span class='ocrx_word' id='word_1_156' title='bbox 1217 745 1254 770; x_wconf 90' lang='lat' dir='ltr'>ut</span> <span class='ocrx_word' id='word_1_157' title='bbox 1277 742 1312 771; x_wconf 88' lang='lat' dir='ltr'>et</span> <span class='ocrx_word' id='word_1_158' title='bbox 1334 739 1417 771; x_wconf 78' lang='lat' dir='ltr'>altis</span> 
     </span>
     <span class='ocr_line' id='line_1_16' title="bbox 102 782 1413 825; baseline 0 -9"><span class='ocrx_word' id='word_1_159' title='bbox 102 783 155 816; x_wconf 82' lang='lat' dir='ltr'>vel</span> <span class='ocrx_word' id='word_1_160' title='bbox 179 785 255 816; x_wconf 77' lang='lat' dir='ltr'>aliis</span> <span class='ocrx_word' id='word_1_161' title='bbox 285 782 580 815; x_wconf 79' lang='lat' dir='ltr'>machinationibus</span> <span class='ocrx_word' id='word_1_162' title='bbox 616 792 683 815; x_wconf 89' lang='lat' dir='ltr'>non</span> <span class='ocrx_word' id='word_1_163' title='bbox 713 789 871 825; x_wconf 83' lang='lat' dir='ltr'>suspecta</span> <span class='ocrx_word' id='word_1_164' title='bbox 901 782 1058 815; x_wconf 87' lang='lat' dir='ltr'>haberem</span> <span class='ocrx_word' id='word_1_165' title='bbox 1089 783 1277 825; x_wconf 83' lang='lat' dir='ltr'>permoveri</span> <span class='ocrx_word' id='word_1_166' title='bbox 1306 783 1413 825; x_wconf 85' lang='lat' dir='ltr'>potui.</span> 
     </span>
     <span class='ocr_line' id='line_1_17' title="bbox 102 827 1418 870; baseline -0.002 -10"><span class='ocrx_word' id='word_1_167' title='bbox 102 827 234 860; x_wconf 82' lang='lat' dir='ltr'>Etenim</span> <span class='ocrx_word' id='word_1_168' title='bbox 259 834 390 869; x_wconf 81' lang='lat' dir='ltr'>praeter</span> <span class='ocrx_word' id='word_1_169' title='bbox 414 827 516 859; x_wconf 87' lang='lat' dir='ltr'>turris</span> <span class='ocrx_word' id='word_1_170' title='bbox 541 834 573 859; x_wconf 87' lang='lat' dir='ltr'>et</span> <span class='ocrx_word' id='word_1_171' title='bbox 596 837 738 870; x_wconf 72' lang='lat' dir='ltr'>aggeres</span> <span class='ocrx_word' id='word_1_172' title='bbox 765 837 850 868; x_wconf 86' lang='lat' dir='ltr'>quae</span> <span class='ocrx_word' id='word_1_173' title='bbox 867 834 945 859; x_wconf 88' lang='lat' dir='ltr'>sunt</span> <span class='ocrx_word' id='word_1_174' title='bbox 961 827 1048 859; x_wconf 87' lang='lat' dir='ltr'>altae</span> <span class='ocrx_word' id='word_1_175' title='bbox 1063 827 1353 860; x_wconf 79' lang='lat' dir='ltr'>machinationes?</span> <span class='ocrx_word' id='word_1_176' title='bbox 1384 832 1418 859; x_wconf 81' lang='lat' dir='ltr'>et</span> 
     </span>
     <span class='ocr_line' id='line_1_18' title="bbox 103 871 1415 915; baseline -0.001 -11"><span class='ocrx_word' id='word_1_177' title='bbox 103 873 179 905; x_wconf 80' lang='lat' dir='ltr'>aliis</span> <span class='ocrx_word' id='word_1_178' title='bbox 203 872 370 904; x_wconf 80' lang='lat' dir='ltr'>machinis</span> <span class='ocrx_word' id='word_1_179' title='bbox 402 878 437 903; x_wconf 83' lang='lat' dir='ltr'>ut</span> <span class='ocrx_word' id='word_1_180' title='bbox 465 872 592 910; x_wconf 89' lang='lat' dir='ltr'>vineis,</span> <span class='ocrx_word' id='word_1_181' title='bbox 625 872 778 912; x_wconf 85' lang='lat' dir='ltr'>quamvis</span> <span class='ocrx_word' id='word_1_182' title='bbox 810 882 883 903; x_wconf 88' lang='lat' dir='ltr'>curn</span> <span class='ocrx_word' id='word_1_183' title='bbox 916 872 1064 914; x_wconf 79' lang='lat' dir='ltr'>periculo</span> <span class='ocrx_word' id='word_1_184' title='bbox 1090 878 1288 915; x_wconf 81' lang='lat' dir='ltr'>agerentur,</span> <span class='ocrx_word' id='word_1_185' title='bbox 1320 871 1415 904; x_wconf 84' lang='lat' dir='ltr'>locus</span> 
     </span>
     <span class='ocr_line' id='line_1_19' title="bbox 101 915 1415 958; baseline -0.002 -9"><span class='ocrx_word' id='word_1_186' title='bbox 101 924 214 949; x_wconf 82' lang='lat' dir='ltr'>tamen</span> <span class='ocrx_word' id='word_1_187' title='bbox 238 926 306 948; x_wconf 91' lang='lat' dir='ltr'>non</span> <span class='ocrx_word' id='word_1_188' title='bbox 329 925 472 958; x_wconf 84' lang='lat' dir='ltr'>prorsus</span> <span class='ocrx_word' id='word_1_189' title='bbox 488 915 552 948; x_wconf 83' lang='lat' dir='ltr'>fuit</span> <span class='ocrx_word' id='word_1_190' title='bbox 574 917 791 958; x_wconf 85' lang='lat' dir='ltr'>inportunus.</span> <span class='ocrx_word' id='word_1_191' title='bbox 808 934 851 940; x_wconf 91' lang='lat'>——-</span> <span class='ocrx_word' id='word_1_192' title='bbox 876 918 930 954; x_wconf 88' lang='grc'>93,</span> <span class='ocrx_word' id='word_1_193' title='bbox 947 917 979 948; x_wconf 87' lang='lat'>2.</span> <span class='ocrx_word' id='word_1_194' title='bbox 1005 915 1171 958; x_wconf 81' lang='lat' dir='ltr'>avorsum]</span> <span class='ocrx_word' id='word_1_195' title='bbox 1196 918 1373 950; x_wconf 80' lang='lat' dir='ltr'>advorsum</span> <span class='ocrx_word' id='word_1_196' title='bbox 1389 916 1415 951; x_wconf 85' lang='grc'>1.</span> 
     </span>
     <span class='ocr_line' id='line_1_20' title="bbox 102 959 1416 1004; baseline -0.002 -11"><span class='ocrx_word' id='word_1_197' title='bbox 102 961 187 994; x_wconf 91' lang='lat' dir='ltr'>Illud</span> <span class='ocrx_word' id='word_1_198' title='bbox 208 971 261 992; x_wconf 88' lang='lat' dir='ltr'>res</span> <span class='ocrx_word' id='word_1_199' title='bbox 286 961 369 992; x_wconf 88' lang='lat' dir='ltr'>mihi</span> <span class='ocrx_word' id='word_1_200' title='bbox 392 960 565 1002; x_wconf 85' lang='lat' dir='ltr'>postulare</span> <span class='ocrx_word' id='word_1_201' title='bbox 589 962 673 994; x_wconf 84' lang='lat' dir='ltr'>visa.</span> <span class='ocrx_word' id='word_1_202' title='bbox 690 978 732 983; x_wconf 98' lang='lat'><strong>—</strong></span> <span class='ocrx_word' id='word_1_203' title='bbox 757 962 852 999; x_wconf 87' lang='lat'><strong>93,4.</strong></span> <span class='ocrx_word' id='word_1_204' title='bbox 876 962 1003 1002; x_wconf 76' lang='lat' dir='ltr'>infleaea</span> <span class='ocrx_word' id='word_1_205' title='bbox 1027 971 1054 992; x_wconf 91' lang='lat' dir='ltr'>c.</span> <span class='ocrx_word' id='word_1_206' title='bbox 1074 959 1113 1003; x_wconf 86' lang='grc'>1.]</span> <span class='ocrx_word' id='word_1_207' title='bbox 1137 962 1243 1004; x_wconf 71' lang='lat' dir='ltr'>flexa.</span> <span class='ocrx_word' id='word_1_208' title='bbox 1267 977 1312 984; x_wconf 93' lang='lat'>—-</span> <span class='ocrx_word' id='word_1_209' title='bbox 1336 960 1416 992; x_wconf 88' lang='lat' dir='ltr'>ibid.</span> 
     </span>
     <span class='ocr_line' id='line_1_21' title="bbox 102 1005 1416 1047; baseline -0.002 -8"><span class='ocrx_word' id='word_1_210' title='bbox 102 1009 136 1038; x_wconf 88' lang='lat' dir='ltr'>in</span> <span class='ocrx_word' id='word_1_211' title='bbox 152 1006 283 1039; x_wconf 77' lang='lat' dir='ltr'>castelli</span> <span class='ocrx_word' id='word_1_212' title='bbox 301 1006 474 1047; x_wconf 82' lang='lat' dir='ltr'>planitiem</span> <span class='ocrx_word' id='word_1_213' title='bbox 493 1007 651 1047; x_wconf 82' lang='lat' dir='ltr'>pervenit</span> <span class='ocrx_word' id='word_1_214' title='bbox 673 1015 701 1037; x_wconf 89' lang='lat' dir='ltr'>c.</span> <span class='ocrx_word' id='word_1_215' title='bbox 719 1005 759 1046; x_wconf 84' lang='grc'>1.]</span> <span class='ocrx_word' id='word_1_216' title='bbox 785 1007 915 1038; x_wconf 86' lang='lat' dir='ltr'>castelli</span> <span class='ocrx_word' id='word_1_217' title='bbox 926 1007 1097 1047; x_wconf 82' lang='lat' dir='ltr'>planitiem</span> <span class='ocrx_word' id='word_1_218' title='bbox 1110 1010 1358 1047; x_wconf 79' lang='lat' dir='ltr'>perscrutatur.</span> <span class='ocrx_word' id='word_1_219' title='bbox 1373 1021 1416 1028; x_wconf 91' lang='lat'>—</span> 
     </span>
     <span class='ocr_line' id='line_1_22' title="bbox 103 1048 1416 1092; baseline -0.002 -8"><span class='ocrx_word' id='word_1_220' title='bbox 103 1051 157 1089; x_wconf 88' lang='lat'><strong>93,</strong></span> <span class='ocrx_word' id='word_1_221' title='bbox 175 1051 206 1083; x_wconf 87' lang='lat'>5.</span> <span class='ocrx_word' id='word_1_222' title='bbox 232 1051 306 1082; x_wconf 86' lang='lat' dir='ltr'>usui</span> <span class='ocrx_word' id='word_1_223' title='bbox 329 1060 358 1081; x_wconf 86' lang='lat' dir='ltr'>c.</span> <span class='ocrx_word' id='word_1_224' title='bbox 374 1048 413 1091; x_wconf 89' lang='lat' dir='ltr'>L]</span> <span class='ocrx_word' id='word_1_225' title='bbox 438 1060 510 1084; x_wconf 87' lang='lat' dir='ltr'>usu.</span> <span class='ocrx_word' id='word_1_226' title='bbox 552 1048 611 1082; x_wconf 84' lang='lat' dir='ltr'>Set</span> <span class='ocrx_word' id='word_1_227' title='bbox 634 1056 754 1092; x_wconf 83' lang='lat' dir='ltr'>postea</span> <span class='ocrx_word' id='word_1_228' title='bbox 778 1052 987 1090; x_wconf 85' lang='lat' dir='ltr'>escenderat,</span> <span class='ocrx_word' id='word_1_229' title='bbox 1015 1057 1050 1082; x_wconf 84' lang='lat' dir='ltr'>ut</span> <span class='ocrx_word' id='word_1_230' title='bbox 1073 1050 1116 1082; x_wconf 86' lang='lat' dir='ltr'>ad</span> <span class='ocrx_word' id='word_1_231' title='bbox 1132 1060 1202 1082; x_wconf 88' lang='lat' dir='ltr'>rem</span> <span class='ocrx_word' id='word_1_232' title='bbox 1219 1049 1416 1092; x_wconf 81' lang='lat' dir='ltr'>significau-</span> 
     </span>
     <span class='ocr_line' id='line_1_23' title="bbox 102 1093 1418 1137; baseline 0 -11"><span class='ocrx_word' id='word_1_233' title='bbox 102 1095 181 1134; x_wconf 77' lang='lat' dir='ltr'>tius,</span> <span class='ocrx_word' id='word_1_234' title='bbox 205 1104 268 1137; x_wconf 91' lang='lat' dir='ltr'>pro</span> <span class='ocrx_word' id='word_1_235' title='bbox 285 1095 512 1127; x_wconf 84' lang='lat' dir='ltr'>adscenderat</span> <span class='ocrx_word' id='word_1_236' title='bbox 523 1094 655 1126; x_wconf 88' lang='lat' dir='ltr'>retinui.</span> <span class='ocrx_word' id='word_1_237' title='bbox 673 1111 715 1118; x_wconf 89' lang='lat'>—</span> <span class='ocrx_word' id='word_1_238' title='bbox 741 1095 794 1132; x_wconf 87' lang='lat'>93,</span> <span class='ocrx_word' id='word_1_239' title='bbox 810 1096 840 1128; x_wconf 82' lang='lat'>8.</span> <span class='ocrx_word' id='word_1_240' title='bbox 860 1093 1025 1133; x_wconf 83' lang='lat' dir='ltr'>Quoniam</span> <span class='ocrx_word' id='word_1_241' title='bbox 1043 1105 1129 1135; x_wconf 86' lang='lat' dir='ltr'>quae</span> <span class='ocrx_word' id='word_1_242' title='bbox 1145 1101 1243 1127; x_wconf 81' lang='lat' dir='ltr'>antea</span> <span class='ocrx_word' id='word_1_243' title='bbox 1259 1093 1418 1126; x_wconf 81' lang='lat' dir='ltr'>addunda</span> 
     </span>
     <span class='ocr_line' id='line_1_24' title="bbox 102 1139 1417 1182; baseline 0.001 -11"><span class='ocrx_word' id='word_1_244' title='bbox 102 1148 300 1172; x_wconf 83' lang='lat' dir='ltr'>censueram</span> <span class='ocrx_word' id='word_1_245' title='bbox 322 1140 441 1171; x_wconf 86' lang='lat' dir='ltr'>milites</span> <span class='ocrx_word' id='word_1_246' title='bbox 459 1148 591 1180; x_wconf 80' lang='lat' dir='ltr'>paucas</span> <span class='ocrx_word' id='word_1_247' title='bbox 614 1143 648 1171; x_wconf 90' lang='lat' dir='ltr'>et</span> <span class='ocrx_word' id='word_1_248' title='bbox 666 1149 753 1171; x_wconf 91' lang='lat' dir='ltr'>nunc</span> <span class='ocrx_word' id='word_1_249' title='bbox 769 1139 905 1179; x_wconf 89' lang='lat' dir='ltr'>quidem</span> <span class='ocrx_word' id='word_1_250' title='bbox 922 1141 1034 1171; x_wconf 89' lang='lat' dir='ltr'>minus</span> <span class='ocrx_word' id='word_1_251' title='bbox 1051 1139 1239 1182; x_wconf 80' lang='lat' dir='ltr'>placebant,</span> <span class='ocrx_word' id='word_1_252' title='bbox 1266 1148 1326 1171; x_wconf 85' lang='lat' dir='ltr'>nec</span> <span class='ocrx_word' id='word_1_253' title='bbox 1339 1147 1417 1172; x_wconf 80' lang='lat' dir='ltr'>vero</span> 
     </span>
     <span class='ocr_line' id='line_1_25' title="bbox 103 1183 1418 1226; baseline 0.001 -11"><span class='ocrx_word' id='word_1_254' title='bbox 103 1193 169 1224; x_wconf 91' lang='lat' dir='ltr'>qno</span> <span class='ocrx_word' id='word_1_255' title='bbox 195 1184 358 1215; x_wconf 83' lang='lat' dir='ltr'>Iordanus</span> <span class='ocrx_word' id='word_1_256' title='bbox 382 1183 493 1215; x_wconf 90' lang='lat' dir='ltr'>locum</span> <span class='ocrx_word' id='word_1_257' title='bbox 518 1183 685 1215; x_wconf 82' lang='lat' dir='ltr'>facillume</span> <span class='ocrx_word' id='word_1_258' title='bbox 710 1185 822 1216; x_wconf 85' lang='lat' dir='ltr'>sanari</span> <span class='ocrx_word' id='word_1_259' title='bbox 852 1184 1032 1216; x_wconf 76' lang='lat' dir='ltr'>arbitratus</span> <span class='ocrx_word' id='word_1_260' title='bbox 1058 1190 1119 1222; x_wconf 85' lang='lat' dir='ltr'>est,</span> <span class='ocrx_word' id='word_1_261' title='bbox 1157 1193 1223 1215; x_wconf 85' lang='lat' dir='ltr'>una</span> <span class='ocrx_word' id='word_1_262' title='bbox 1251 1183 1418 1226; x_wconf 81' lang='lat' dir='ltr'>particula</span> 
     </span>
     <span class='ocr_line' id='line_1_26' title="bbox 102 1227 1416 1271; baseline 0.001 -12"><span class='ocrx_word' id='word_1_263' title='bbox 102 1233 135 1260; x_wconf 86' lang='lat' dir='ltr'>et</span> <span class='ocrx_word' id='word_1_264' title='bbox 158 1229 371 1270; x_wconf 87' lang='lat' dir='ltr'>interposita,</span> <span class='ocrx_word' id='word_1_265' title='bbox 397 1228 478 1259; x_wconf 85' lang='lat' dir='ltr'>satis</span> <span class='ocrx_word' id='word_1_266' title='bbox 504 1227 658 1266; x_wconf 79' lang='lat' dir='ltr'>faciebat,</span> <span class='ocrx_word' id='word_1_267' title='bbox 684 1228 822 1260; x_wconf 84' lang='lat' dir='ltr'>lacunae</span> <span class='ocrx_word' id='word_1_268' title='bbox 847 1230 945 1270; x_wconf 85' lang='lat' dir='ltr'>signa</span> <span class='ocrx_word' id='word_1_269' title='bbox 970 1229 1171 1271; x_wconf 85' lang='lat' dir='ltr'>adpinxisse</span> <span class='ocrx_word' id='word_1_270' title='bbox 1195 1229 1278 1260; x_wconf 84' lang='lat' dir='ltr'>satis</span> <span class='ocrx_word' id='word_1_271' title='bbox 1303 1228 1416 1260; x_wconf 81' lang='lat' dir='ltr'>habui.</span> 
     </span>
     <span class='ocr_line' id='line_1_27' title="bbox 103 1271 1422 1315; baseline 0 -11"><span class='ocrx_word' id='word_1_272' title='bbox 103 1271 341 1315; x_wconf 85' lang='lat' dir='ltr'>Suspiciones,</span> <span class='ocrx_word' id='word_1_273' title='bbox 377 1282 462 1313; x_wconf 91' lang='lat' dir='ltr'>quas</span> <span class='ocrx_word' id='word_1_274' title='bbox 493 1272 535 1304; x_wconf 91' lang='lat' dir='ltr'>de</span> <span class='ocrx_word' id='word_1_275' title='bbox 564 1275 597 1305; x_wconf 89' lang='lat' dir='ltr'>ei</span> <span class='ocrx_word' id='word_1_276' title='bbox 625 1282 862 1315; x_wconf 80' lang='lat' dir='ltr'>conceperam,</span> <span class='ocrx_word' id='word_1_277' title='bbox 896 1274 1006 1305; x_wconf 88' lang='lat' dir='ltr'>omisi.</span> <span class='ocrx_word' id='word_1_278' title='bbox 1035 1291 1077 1296; x_wconf 96' lang='lat'><strong>—</strong></span> <span class='ocrx_word' id='word_1_279' title='bbox 1111 1275 1166 1312; x_wconf 76' lang='lat'>94,</span> <span class='ocrx_word' id='word_1_280' title='bbox 1187 1275 1217 1306; x_wconf 92' lang='lat' dir='ltr'>l.</span> <span class='ocrx_word' id='word_1_281' title='bbox 1247 1272 1422 1305; x_wconf 76' lang='lat' dir='ltr'>escensuri</span> 
     </span>
     <span class='ocr_line' id='line_1_28' title="bbox 102 1315 1418 1358; baseline 0 -9"><span class='ocrx_word' id='word_1_282' title='bbox 102 1322 200 1349; x_wconf 89' lang='lat' dir='ltr'>erant</span> <span class='ocrx_word' id='word_1_283' title='bbox 223 1326 266 1349; x_wconf 87' lang='lat' dir='ltr'>ex</span> <span class='ocrx_word' id='word_1_284' title='bbox 291 1316 461 1349; x_wconf 85' lang='lat' dir='ltr'>Carrionis</span> <span class='ocrx_word' id='word_1_285' title='bbox 486 1315 631 1358; x_wconf 64' lang='lat' dir='ltr'>emend]</span> <span class='ocrx_word' id='word_1_286' title='bbox 661 1328 680 1350; x_wconf 91' lang='lat' dir='ltr'>e</span> <span class='ocrx_word' id='word_1_287' title='bbox 703 1319 862 1350; x_wconf 87' lang='lat' dir='ltr'>centuriis</span> <span class='ocrx_word' id='word_1_288' title='bbox 891 1324 990 1350; x_wconf 85' lang='lat' dir='ltr'>erant</span> <span class='ocrx_word' id='word_1_289' title='bbox 1014 1319 1038 1350; x_wconf 92' lang='grc' dir='ltr'>Ι.</span> <span class='ocrx_word' id='word_1_290' title='bbox 1070 1327 1145 1349; x_wconf 88' lang='lat' dir='ltr'>cum</span> <span class='ocrx_word' id='word_1_291' title='bbox 1175 1317 1288 1356; x_wconf 88' lang='lat' dir='ltr'>libris,</span> <span class='ocrx_word' id='word_1_292' title='bbox 1325 1317 1418 1358; x_wconf 90' lang='lat' dir='ltr'>quod</span> 
     </span>
     <span class='ocr_line' id='line_1_29' title="bbox 103 1361 1418 1404; baseline 0 -11"><span class='ocrx_word' id='word_1_293' title='bbox 103 1362 223 1402; x_wconf 84' lang='lat' dir='ltr'>quibus</span> <span class='ocrx_word' id='word_1_294' title='bbox 257 1362 465 1404; x_wconf 86' lang='lat' dir='ltr'>argumentis</span> <span class='ocrx_word' id='word_1_295' title='bbox 496 1362 530 1393; x_wconf 91' lang='lat' dir='ltr'>in</span> <span class='ocrx_word' id='word_1_296' title='bbox 555 1361 696 1394; x_wconf 86' lang='lat' dir='ltr'>Hermae</span> <span class='ocrx_word' id='word_1_297' title='bbox 719 1362 815 1394; x_wconf 85' lang='lat' dir='ltr'>vol.1</span> <span class='ocrx_word' id='word_1_298' title='bbox 846 1361 1025 1394; x_wconf 75' lang='lat' dir='ltr'>defendere</span> <span class='ocrx_word' id='word_1_299' title='bbox 1056 1370 1197 1394; x_wconf 74' lang='lat' dir='ltr'>conatus</span> <span class='ocrx_word' id='word_1_300' title='bbox 1230 1368 1297 1402; x_wconf 87' lang='lat' dir='ltr'>est,</span> <span class='ocrx_word' id='word_1_301' title='bbox 1335 1361 1418 1393; x_wconf 85' lang='lat' dir='ltr'>mihi</span> 
     </span>
     <span class='ocr_line' id='line_1_30' title="bbox 103 1403 1419 1450; baseline 0.002 -13"><span class='ocrx_word' id='word_1_302' title='bbox 103 1415 170 1438; x_wconf 89' lang='lat' dir='ltr'>non</span> <span class='ocrx_word' id='word_1_303' title='bbox 194 1406 376 1448; x_wconf 84' lang='lat' dir='ltr'>persuasit.</span> <span class='ocrx_word' id='word_1_304' title='bbox 404 1423 441 1430; x_wconf 92' lang='lat'>—</span> <span class='ocrx_word' id='word_1_305' title='bbox 469 1407 523 1444; x_wconf 85' lang='lat'>94,</span> <span class='ocrx_word' id='word_1_306' title='bbox 543 1408 573 1439; x_wconf 88' lang='grc'>3.</span> <span class='ocrx_word' id='word_1_307' title='bbox 605 1411 708 1439; x_wconf 75' lang='lat' dir='ltr'>extra</span> <span class='ocrx_word' id='word_1_308' title='bbox 732 1408 846 1439; x_wconf 85' lang='lat' dir='ltr'>vineas</span> <span class='ocrx_word' id='word_1_309' title='bbox 875 1417 1030 1449; x_wconf 65' lang='lat' dir='ltr'>egressus</span> <span class='ocrx_word' id='word_1_310' title='bbox 1054 1403 1142 1450; x_wconf 88' lang='lat' dir='ltr'>c.1.]</span> <span class='ocrx_word' id='word_1_311' title='bbox 1177 1411 1280 1438; x_wconf 77' lang='lat' dir='ltr'>extra</span> <span class='ocrx_word' id='word_1_312' title='bbox 1304 1407 1419 1439; x_wconf 73' lang='lat' dir='ltr'>vineas</span> 
     </span>
     <span class='ocr_line' id='line_1_31' title="bbox 102 1448 1419 1494; baseline 0.001 -12"><span class='ocrx_word' id='word_1_313' title='bbox 102 1455 153 1483; x_wconf 86' lang='lat' dir='ltr'>est</span> <span class='ocrx_word' id='word_1_314' title='bbox 176 1460 340 1493; x_wconf 65' lang='lat' dir='ltr'>egressus.</span> <span class='ocrx_word' id='word_1_315' title='bbox 364 1467 408 1473; x_wconf 91' lang='lat'><strong>—</strong></span> <span class='ocrx_word' id='word_1_316' title='bbox 440 1451 495 1491; x_wconf 84' lang='lat'>95,</span> <span class='ocrx_word' id='word_1_317' title='bbox 513 1452 544 1483; x_wconf 88' lang='lat'>3.</span> <span class='ocrx_word' id='word_1_318' title='bbox 570 1453 634 1483; x_wconf 85' lang='lat' dir='ltr'>iam</span> <span class='ocrx_word' id='word_1_319' title='bbox 653 1462 765 1492; x_wconf 81' lang='lat' dir='ltr'>prope</span> <span class='ocrx_word' id='word_1_320' title='bbox 790 1461 819 1484; x_wconf 90' lang='lat' dir='ltr'>c.</span> <span class='ocrx_word' id='word_1_321' title='bbox 838 1448 881 1494; x_wconf 92' lang='grc'>1.]</span> <span class='ocrx_word' id='word_1_322' title='bbox 912 1462 1024 1493; x_wconf 85' lang='lat' dir='ltr'>prope</span> <span class='ocrx_word' id='word_1_323' title='bbox 1050 1453 1123 1483; x_wconf 87' lang='lat' dir='ltr'>iam.</span> <span class='ocrx_word' id='word_1_324' title='bbox 1148 1468 1192 1474; x_wconf 92' lang='lat'>—</span> <span class='ocrx_word' id='word_1_325' title='bbox 1219 1451 1361 1484; x_wconf 81' lang='lat' dir='ltr'>Graecis</span> <span class='ocrx_word' id='word_1_326' title='bbox 1384 1455 1419 1483; x_wconf 86' lang='lat' dir='ltr'>et</span> 
     </span>
     <span class='ocr_line' id='line_1_32' title="bbox 105 1492 1416 1538; baseline 0 -12"><span class='ocrx_word' id='word_1_327' title='bbox 105 1495 237 1527; x_wconf 83' lang='lat' dir='ltr'>Latinis</span> <span class='ocrx_word' id='word_1_328' title='bbox 260 1492 347 1538; x_wconf 89' lang='lat' dir='ltr'>c.1.]</span> <span class='ocrx_word' id='word_1_329' title='bbox 376 1495 516 1527; x_wconf 83' lang='lat' dir='ltr'>Graecis</span> <span class='ocrx_word' id='word_1_330' title='bbox 539 1500 639 1538; x_wconf 84' lang='lat' dir='ltr'>atque</span> <span class='ocrx_word' id='word_1_331' title='bbox 664 1496 810 1531; x_wconf 78' lang='lat' dir='ltr'>Lat-inis.</span> <span class='ocrx_word' id='word_1_332' title='bbox 837 1513 878 1518; x_wconf 97' lang='lat'><strong>—</strong></span> <span class='ocrx_word' id='word_1_333' title='bbox 904 1497 1096 1528; x_wconf 87' lang='lat' dir='ltr'>doctissumi</span> <span class='ocrx_word' id='word_1_334' title='bbox 1119 1505 1161 1527; x_wconf 87' lang='lat' dir='ltr'>ex</span> <span class='ocrx_word' id='word_1_335' title='bbox 1185 1495 1322 1538; x_wconf 84' lang='lat' dir='ltr'>egregia</span> <span class='ocrx_word' id='word_1_336' title='bbox 1347 1495 1416 1526; x_wconf 90' lang='lat' dir='ltr'>Ior-</span> 
     </span>
     <span class='ocr_line' id='line_1_33' title="bbox 101 1536 1415 1582; baseline 0.001 -12"><span class='ocrx_word' id='word_1_337' title='bbox 101 1539 180 1571; x_wconf 83' lang='lat' dir='ltr'>dani</span> <span class='ocrx_word' id='word_1_338' title='bbox 204 1536 412 1582; x_wconf 82' lang='lat' dir='ltr'>coniectura]</span> <span class='ocrx_word' id='word_1_339' title='bbox 445 1540 654 1572; x_wconf 86' lang='lat' dir='ltr'>doctissume.</span> <span class='ocrx_word' id='word_1_340' title='bbox 701 1542 745 1572; x_wconf 81' lang='lat' dir='ltr'>At</span> <span class='ocrx_word' id='word_1_341' title='bbox 775 1547 894 1582; x_wconf 82' lang='lat' dir='ltr'>postea</span> <span class='ocrx_word' id='word_1_342' title='bbox 930 1541 973 1572; x_wconf 83' lang='lat' dir='ltr'>ad</span> <span class='ocrx_word' id='word_1_343' title='bbox 1002 1541 1188 1573; x_wconf 85' lang='lat' dir='ltr'>simulanda</span> <span class='ocrx_word' id='word_1_344' title='bbox 1222 1540 1415 1572; x_wconf 84' lang='lat' dir='ltr'>addendum</span> 
     </span>
     <span class='ocr_line' id='line_1_34' title="bbox 102 1584 1416 1626; baseline 0 -10"><span class='ocrx_word' id='word_1_345' title='bbox 102 1593 177 1616; x_wconf 88' lang='lat' dir='ltr'>esse</span> <span class='ocrx_word' id='word_1_346' title='bbox 201 1594 242 1616; x_wconf 87' lang='lat' dir='ltr'>ac</span> <span class='ocrx_word' id='word_1_347' title='bbox 266 1585 506 1616; x_wconf 87' lang='lat' dir='ltr'>dissimulanda</span> <span class='ocrx_word' id='word_1_348' title='bbox 524 1584 604 1616; x_wconf 85' lang='lat' dir='ltr'>mihi</span> <span class='ocrx_word' id='word_1_349' title='bbox 622 1585 804 1616; x_wconf 85' lang='lat' dir='ltr'>etiamnum</span> <span class='ocrx_word' id='word_1_350' title='bbox 821 1585 938 1625; x_wconf 81' lang='lat' dir='ltr'>videri,</span> <span class='ocrx_word' id='word_1_351' title='bbox 957 1586 1111 1625; x_wconf 80' lang='lat' dir='ltr'>quamvis</span> <span class='ocrx_word' id='word_1_352' title='bbox 1129 1584 1272 1616; x_wconf 70' lang='lat' dir='ltr'>fortasse</span> <span class='ocrx_word' id='word_1_353' title='bbox 1288 1585 1322 1615; x_wconf 91' lang='lat' dir='ltr'>in</span> <span class='ocrx_word' id='word_1_354' title='bbox 1339 1594 1416 1626; x_wconf 84' lang='lat' dir='ltr'>per-</span> 
     </span>
     <span class='ocr_line' id='line_1_35' title="bbox 102 1626 1417 1671; baseline 0.001 -12"><span class='ocrx_word' id='word_1_355' title='bbox 102 1629 243 1660; x_wconf 83' lang='lat' dir='ltr'>tinaciae</span> <span class='ocrx_word' id='word_1_356' title='bbox 267 1629 392 1660; x_wconf 81' lang='lat' dir='ltr'>crimen</span> <span class='ocrx_word' id='word_1_357' title='bbox 418 1629 597 1669; x_wconf 79' lang='lat' dir='ltr'>incurram,</span> <span class='ocrx_word' id='word_1_358' title='bbox 624 1638 690 1660; x_wconf 89' lang='lat' dir='ltr'>non</span> <span class='ocrx_word' id='word_1_359' title='bbox 707 1629 897 1661; x_wconf 86' lang='lat' dir='ltr'>dissimulo.</span> <span class='ocrx_word' id='word_1_360' title='bbox 921 1647 964 1652; x_wconf 92' lang='lat'>—</span> <span class='ocrx_word' id='word_1_361' title='bbox 988 1631 1042 1665; x_wconf 85' lang='grc'><strong>97.</strong></span> <span class='ocrx_word' id='word_1_362' title='bbox 1063 1631 1093 1661; x_wconf 90' lang='lat'>1.</span> <span class='ocrx_word' id='word_1_363' title='bbox 1119 1630 1206 1661; x_wconf 83' lang='lat' dir='ltr'>misit</span> <span class='ocrx_word' id='word_1_364' title='bbox 1228 1638 1257 1660; x_wconf 86' lang='lat' dir='ltr'>c.</span> <span class='ocrx_word' id='word_1_365' title='bbox 1276 1626 1317 1671; x_wconf 91' lang='grc'>1.]</span> <span class='ocrx_word' id='word_1_366' title='bbox 1342 1631 1417 1660; x_wconf 85' lang='lat' dir='ltr'>mit-</span> 
     </span>
     <span class='ocr_line' id='line_1_36' title="bbox 100 1671 1395 1716; baseline 0 -12"><span class='ocrx_word' id='word_1_367' title='bbox 100 1674 151 1707; x_wconf 81' lang='lat' dir='ltr'>tit.</span> <span class='ocrx_word' id='word_1_368' title='bbox 178 1690 221 1696; x_wconf 97' lang='lat'><strong>—</strong></span> <span class='ocrx_word' id='word_1_369' title='bbox 245 1674 299 1710; x_wconf 88' lang='grc'>97,</span> <span class='ocrx_word' id='word_1_370' title='bbox 318 1674 349 1704; x_wconf 85' lang='grc'>2.</span> <span class='ocrx_word' id='word_1_371' title='bbox 374 1673 444 1705; x_wconf 85' lang='lat' dir='ltr'>eius</span> <span class='ocrx_word' id='word_1_372' title='bbox 468 1671 557 1716; x_wconf 84' lang='lat' dir='ltr'>c.1.]</span> <span class='ocrx_word' id='word_1_373' title='bbox 593 1671 708 1716; x_wconf 83' lang='lat' dir='ltr'>[eiusJ.</span> <span class='ocrx_word' id='word_1_374' title='bbox 739 1690 780 1696; x_wconf 92' lang='lat'>—</span> <span class='ocrx_word' id='word_1_375' title='bbox 818 1675 872 1713; x_wconf 88' lang='grc'>97,</span> <span class='ocrx_word' id='word_1_376' title='bbox 890 1674 921 1706; x_wconf 89' lang='grc'>5.</span> <span class='ocrx_word' id='word_1_377' title='bbox 947 1676 1075 1716; x_wconf 83' lang='lat' dir='ltr'>equites</span> <span class='ocrx_word' id='word_1_378' title='bbox 1102 1675 1300 1716; x_wconf 74' lang='lat' dir='ltr'>peditesque</span> <span class='ocrx_word' id='word_1_379' title='bbox 1325 1673 1395 1704; x_wconf 87' lang='lat' dir='ltr'>c.1.</span> 
     </span>
    </p>

    <p class='ocr_par' dir='ltr' id='par_1_3' title="bbox 101 1717 1396 1761">
     <span class='ocr_line' id='line_1_37' title="bbox 101 1717 1396 1761; baseline -0.001 -12"><span class='ocrx_word' id='word_1_380' title='bbox 101 1719 228 1760; x_wconf 83' lang='lat' dir='ltr'>equites</span> <span class='ocrx_word' id='word_1_381' title='bbox 249 1718 393 1759; x_wconf 85' lang='lat' dir='ltr'>pedites.</span> <span class='ocrx_word' id='word_1_382' title='bbox 418 1735 461 1740; x_wconf 93' lang='lat'>—</span> <span class='ocrx_word' id='word_1_383' title='bbox 486 1717 529 1750; x_wconf 91' lang='lat' dir='ltr'>ib.</span> <span class='ocrx_word' id='word_1_384' title='bbox 554 1720 698 1750; x_wconf 84' lang='lat' dir='ltr'>caedere</span> <span class='ocrx_word' id='word_1_385' title='bbox 715 1719 784 1759; x_wconf 87' lang='lat' dir='ltr'>alii,</span> <span class='ocrx_word' id='word_1_386' title='bbox 809 1719 869 1750; x_wconf 88' lang='lat' dir='ltr'>alii</span> <span class='ocrx_word' id='word_1_387' title='bbox 891 1718 1087 1751; x_wconf 82' lang='lat' dir='ltr'>obtruncari</span> <span class='ocrx_word' id='word_1_388' title='bbox 1110 1727 1173 1761; x_wconf 83' lang='lat' dir='ltr'>ego</span> <span class='ocrx_word' id='word_1_389' title='bbox 1198 1727 1272 1749; x_wconf 88' lang='lat' dir='ltr'>meo</span> <span class='ocrx_word' id='word_1_390' title='bbox 1291 1717 1396 1749; x_wconf 85' lang='lat' dir='ltr'>Marte</span> 
     </span>
    </p>

    <p class='ocr_par' dir='ltr' id='par_1_4' title="bbox 99 1762 1416 2289">
     <span class='ocr_line' id='line_1_38' title="bbox 101 1762 1415 1805; baseline -0.001 -11"><span class='ocrx_word' id='word_1_391' title='bbox 101 1763 221 1794; x_wconf 89' lang='lat' dir='ltr'>cedere</span> <span class='ocrx_word' id='word_1_392' title='bbox 245 1763 330 1794; x_wconf 87' lang='lat' dir='ltr'>atius</span> <span class='ocrx_word' id='word_1_393' title='bbox 352 1763 437 1794; x_wconf 81' lang='lat' dir='ltr'>alius</span> <span class='ocrx_word' id='word_1_394' title='bbox 461 1762 661 1795; x_wconf 82' lang='lat' dir='ltr'>obtruncare</span> <span class='ocrx_word' id='word_1_395' title='bbox 678 1763 701 1797; x_wconf 88' lang='grc' dir='ltr'>Ι.</span> <span class='ocrx_word' id='word_1_396' title='bbox 738 1762 816 1794; x_wconf 85' lang='lat' dir='ltr'>Mox</span> <span class='ocrx_word' id='word_1_397' title='bbox 840 1764 932 1795; x_wconf 86' lang='lat' dir='ltr'>multi</span> <span class='ocrx_word' id='word_1_398' title='bbox 949 1763 1039 1803; x_wconf 87' lang='lat' dir='ltr'>quod</span> <span class='ocrx_word' id='word_1_399' title='bbox 1057 1771 1120 1805; x_wconf 83' lang='lat' dir='ltr'>ego</span> <span class='ocrx_word' id='word_1_400' title='bbox 1138 1763 1415 1802; x_wconf 75' lang='lat' dir='ltr'>coniectaveram,</span> 
     </span>
     <span class='ocr_line' id='line_1_39' title="bbox 101 1804 1416 1848; baseline 0 -10"><span class='ocrx_word' id='word_1_401' title='bbox 101 1807 257 1848; x_wconf 84' lang='lat' dir='ltr'>probavit</span> <span class='ocrx_word' id='word_1_402' title='bbox 279 1807 304 1840; x_wconf 93' lang='grc'>1.</span> <span class='ocrx_word' id='word_1_403' title='bbox 342 1806 453 1838; x_wconf 85' lang='lat' dir='ltr'>Verba</span> <span class='ocrx_word' id='word_1_404' title='bbox 477 1811 511 1839; x_wconf 87' lang='lat' dir='ltr'>et</span> <span class='ocrx_word' id='word_1_405' title='bbox 532 1807 572 1839; x_wconf 82' lang='lat' dir='ltr'>ob</span> <span class='ocrx_word' id='word_1_406' title='bbox 597 1818 638 1839; x_wconf 81' lang='lat' dir='ltr'>ea</span> <span class='ocrx_word' id='word_1_407' title='bbox 661 1809 805 1840; x_wconf 82' lang='lat' dir='ltr'>scientes</span> <span class='ocrx_word' id='word_1_408' title='bbox 830 1817 927 1838; x_wconf 82' lang='lat' dir='ltr'>nemo</span> <span class='ocrx_word' id='word_1_409' title='bbox 953 1809 998 1839; x_wconf 85' lang='lat' dir='ltr'>ita</span> <span class='ocrx_word' id='word_1_410' title='bbox 1022 1807 1173 1839; x_wconf 83' lang='lat' dir='ltr'>defendit</span> <span class='ocrx_word' id='word_1_411' title='bbox 1189 1813 1225 1838; x_wconf 86' lang='lat' dir='ltr'>ut</span> <span class='ocrx_word' id='word_1_412' title='bbox 1241 1806 1322 1838; x_wconf 81' lang='lat' dir='ltr'>mihi</span> <span class='ocrx_word' id='word_1_413' title='bbox 1340 1804 1416 1838; x_wconf 76' lang='lat' dir='ltr'>Sal·</span> 
     </span>
     <span class='ocr_line' id='line_1_40' title="bbox 102 1850 1415 1894; baseline 0.001 -12"><span class='ocrx_word' id='word_1_414' title='bbox 102 1852 179 1883; x_wconf 86' lang='lat' dir='ltr'>lusti</span> <span class='ocrx_word' id='word_1_415' title='bbox 203 1861 279 1884; x_wconf 87' lang='lat' dir='ltr'>esse</span> <span class='ocrx_word' id='word_1_416' title='bbox 310 1851 537 1893; x_wconf 82' lang='lat' dir='ltr'>persuaderet.</span> <span class='ocrx_word' id='word_1_417' title='bbox 563 1868 605 1875; x_wconf 89' lang='lat'>—</span> <span class='ocrx_word' id='word_1_418' title='bbox 636 1852 680 1883; x_wconf 90' lang='lat' dir='ltr'>ib.</span> <span class='ocrx_word' id='word_1_419' title='bbox 712 1851 804 1885; x_wconf 84' lang='lat' dir='ltr'>orbis</span> <span class='ocrx_word' id='word_1_420' title='bbox 829 1850 962 1894; x_wconf 81' lang='lat' dir='ltr'>fecere]</span> <span class='ocrx_word' id='word_1_421' title='bbox 995 1852 1086 1885; x_wconf 86' lang='lat' dir='ltr'>orbis</span> <span class='ocrx_word' id='word_1_422' title='bbox 1112 1852 1231 1891; x_wconf 77' lang='lat' dir='ltr'>facere</span> <span class='ocrx_word' id='word_1_423' title='bbox 1258 1851 1282 1884; x_wconf 89' lang='lat'>1.</span> <span class='ocrx_word' id='word_1_424' title='bbox 1329 1850 1415 1883; x_wconf 84' lang='lat' dir='ltr'>Illud</span> 
     </span>
     <span class='ocr_line' id='line_1_41' title="bbox 102 1895 1415 1938; baseline 0.001 -11"><span class='ocrx_word' id='word_1_425' title='bbox 102 1896 231 1938; x_wconf 86' lang='lat' dir='ltr'>optumi</span> <span class='ocrx_word' id='word_1_426' title='bbox 257 1896 342 1927; x_wconf 84' lang='lat' dir='ltr'>libri.</span> <span class='ocrx_word' id='word_1_427' title='bbox 366 1913 409 1919; x_wconf 94' lang='lat'><strong>—</strong></span> <span class='ocrx_word' id='word_1_428' title='bbox 433 1897 487 1933; x_wconf 87' lang='grc'>99,</span> <span class='ocrx_word' id='word_1_429' title='bbox 509 1898 539 1930; x_wconf 92' lang='lat'>1.</span> <span class='ocrx_word' id='word_1_430' title='bbox 564 1907 605 1928; x_wconf 89' lang='lat' dir='ltr'>ac</span> <span class='ocrx_word' id='word_1_431' title='bbox 628 1897 729 1937; x_wconf 86' lang='lat' dir='ltr'>paulo</span> <span class='ocrx_word' id='word_1_432' title='bbox 754 1906 781 1926; x_wconf 86' lang='lat' dir='ltr'>c.</span> <span class='ocrx_word' id='word_1_433' title='bbox 801 1895 843 1938; x_wconf 91' lang='grc'>1.]</span> <span class='ocrx_word' id='word_1_434' title='bbox 866 1901 900 1928; x_wconf 83' lang='lat' dir='ltr'>et</span> <span class='ocrx_word' id='word_1_435' title='bbox 921 1899 1034 1938; x_wconf 76' lang='lat' dir='ltr'>paulo.</span> <span class='ocrx_word' id='word_1_436' title='bbox 1068 1912 1110 1919; x_wconf 88' lang='lat'>—·</span> <span class='ocrx_word' id='word_1_437' title='bbox 1147 1898 1202 1933; x_wconf 83' lang='grc'>99,</span> <span class='ocrx_word' id='word_1_438' title='bbox 1221 1898 1253 1930; x_wconf 91' lang='grc'>3.</span> <span class='ocrx_word' id='word_1_439' title='bbox 1278 1896 1415 1928; x_wconf 75' lang='lat' dir='ltr'>tumultu</span> 
     </span>
     <span class='ocr_line' id='line_1_42' title="bbox 99 1937 1413 1983; baseline 0 -11"><span class='ocrx_word' id='word_1_440' title='bbox 99 1940 280 1980; x_wconf 78' lang='lat' dir='ltr'>formidine</span> <span class='ocrx_word' id='word_1_441' title='bbox 305 1938 422 1983; x_wconf 85' lang='lat' dir='ltr'>quasi]</span> <span class='ocrx_word' id='word_1_442' title='bbox 450 1943 585 1973; x_wconf 86' lang='lat' dir='ltr'>tumultu</span> <span class='ocrx_word' id='word_1_443' title='bbox 606 1941 787 1981; x_wconf 72' lang='lat' dir='ltr'>formidine</span> <span class='ocrx_word' id='word_1_444' title='bbox 807 1937 974 1983; x_wconf 89' lang='lat' dir='ltr'>[terrore]</span> <span class='ocrx_word' id='word_1_445' title='bbox 994 1942 1099 1983; x_wconf 84' lang='lat' dir='ltr'>quasi.</span> <span class='ocrx_word' id='word_1_446' title='bbox 1115 1958 1156 1964; x_wconf 95' lang='lat'>—</span> <span class='ocrx_word' id='word_1_447' title='bbox 1183 1941 1296 1977; x_wconf 83' lang='lat'>100,4.</span> <span class='ocrx_word' id='word_1_448' title='bbox 1322 1941 1413 1982; x_wconf 82' lang='lat' dir='ltr'>equi-</span> 
     </span>
     <span class='ocr_line' id='line_1_43' title="bbox 103 1982 1414 2028; baseline -0.001 -12"><span class='ocrx_word' id='word_1_449' title='bbox 103 1989 153 2020; x_wconf 83' lang='lat' dir='ltr'>tes</span> <span class='ocrx_word' id='word_1_450' title='bbox 177 1995 223 2017; x_wconf 78' lang='lat' dir='ltr'>eae</span> <span class='ocrx_word' id='word_1_451' title='bbox 253 1982 461 2028; x_wconf 74' lang='lat' dir='ltr'>auaeiliariis]</span> <span class='ocrx_word' id='word_1_452' title='bbox 495 1987 624 2028; x_wconf 85' lang='lat' dir='ltr'>equites</span> <span class='ocrx_word' id='word_1_453' title='bbox 655 1987 855 2018; x_wconf 72' lang='lat' dir='ltr'>auxiliarios</span> <span class='ocrx_word' id='word_1_454' title='bbox 879 1985 904 2019; x_wconf 87' lang='lat'>1.</span> <span class='ocrx_word' id='word_1_455' title='bbox 951 1985 1005 2017; x_wconf 85' lang='lat' dir='ltr'>Ad</span> <span class='ocrx_word' id='word_1_456' title='bbox 1035 1985 1117 2017; x_wconf 89' lang='lat' dir='ltr'>illud</span> <span class='ocrx_word' id='word_1_457' title='bbox 1147 1985 1228 2016; x_wconf 82' lang='lat' dir='ltr'>milii</span> <span class='ocrx_word' id='word_1_458' title='bbox 1259 1983 1414 2016; x_wconf 87' lang='lat' dir='ltr'>codicum</span> 
     </span>
     <span class='ocr_line' id='line_1_44' title="bbox 102 2028 1415 2072; baseline 0 -12"><span class='ocrx_word' id='word_1_459' title='bbox 102 2030 245 2071; x_wconf 78' lang='lat' dir='ltr'>vestigia</span> <span class='ocrx_word' id='word_1_460' title='bbox 268 2029 390 2061; x_wconf 67' lang='lat' dir='ltr'>(lucere</span> <span class='ocrx_word' id='word_1_461' title='bbox 414 2030 579 2062; x_wconf 88' lang='lat' dir='ltr'>videntur.</span> <span class='ocrx_word' id='word_1_462' title='bbox 627 2028 735 2062; x_wconf 86' lang='lat' dir='ltr'>Semel</span> <span class='ocrx_word' id='word_1_463' title='bbox 761 2037 925 2072; x_wconf 79' lang='lat' dir='ltr'>conrupta</span> <span class='ocrx_word' id='word_1_464' title='bbox 949 2031 1182 2062; x_wconf 77' lang='lat' dir='ltr'>terminatione</span> <span class='ocrx_word' id='word_1_465' title='bbox 1206 2030 1234 2060; x_wconf 86' lang='lat' dir='ltr'>is</span> <span class='ocrx_word' id='word_1_466' title='bbox 1258 2029 1292 2059; x_wconf 89' lang='lat' dir='ltr'>in</span> <span class='ocrx_word' id='word_1_467' title='bbox 1317 2038 1355 2061; x_wconf 84' lang='lat' dir='ltr'>os</span> <span class='ocrx_word' id='word_1_468' title='bbox 1380 2029 1415 2060; x_wconf 90' lang='lat' dir='ltr'>in</span> 
     </span>
     <span class='ocr_line' id='line_1_45' title="bbox 102 2072 1414 2115; baseline 0 -11"><span class='ocrx_word' id='word_1_469' title='bbox 102 2080 260 2115; x_wconf 88' lang='lat' dir='ltr'>promptu</span> <span class='ocrx_word' id='word_1_470' title='bbox 286 2073 349 2105; x_wconf 81' lang='lat' dir='ltr'>fuit</span> <span class='ocrx_word' id='word_1_471' title='bbox 372 2075 573 2107; x_wconf 62' lang='lat' dir='ltr'>auxiliarios</span> <span class='ocrx_word' id='word_1_472' title='bbox 603 2084 739 2107; x_wconf 77' lang='lat' dir='ltr'>novare.</span> <span class='ocrx_word' id='word_1_473' title='bbox 791 2075 1015 2107; x_wconf 79' lang='lat' dir='ltr'>Variationem</span> <span class='ocrx_word' id='word_1_474' title='bbox 1047 2074 1210 2106; x_wconf 80' lang='lat' dir='ltr'>orationis</span> <span class='ocrx_word' id='word_1_475' title='bbox 1241 2072 1303 2105; x_wconf 87' lang='lat' dir='ltr'>hoc</span> <span class='ocrx_word' id='word_1_476' title='bbox 1333 2082 1414 2104; x_wconf 90' lang='lat' dir='ltr'>con-</span> 
     </span>
     <span class='ocr_line' id='line_1_46' title="bbox 103 2117 1414 2151; baseline 0.001 -3"><span class='ocrx_word' id='word_1_477' title='bbox 103 2117 259 2150; x_wconf 78' lang='lat' dir='ltr'>mendare</span> <span class='ocrx_word' id='word_1_478' title='bbox 295 2128 361 2150; x_wconf 92' lang='lat' dir='ltr'>non</span> <span class='ocrx_word' id='word_1_479' title='bbox 398 2118 534 2151; x_wconf 86' lang='lat' dir='ltr'>infitior.</span> <span class='ocrx_word' id='word_1_480' title='bbox 560 2136 604 2142; x_wconf 94' lang='lat'>—</span> <span class='ocrx_word' id='word_1_481' title='bbox 635 2119 677 2151; x_wconf 86' lang='lat' dir='ltr'>ib.</span> <span class='ocrx_word' id='word_1_482' title='bbox 715 2121 748 2151; x_wconf 86' lang='lat' dir='ltr'>in</span> <span class='ocrx_word' id='word_1_483' title='bbox 777 2121 981 2151; x_wconf 81' lang='lat' dir='ltr'>munimentis</span> <span class='ocrx_word' id='word_1_484' title='bbox 1011 2119 1091 2150; x_wconf 80' lang='lat' dir='ltr'>mihi</span> <span class='ocrx_word' id='word_1_485' title='bbox 1124 2128 1190 2149; x_wconf 91' lang='lat' dir='ltr'>uon</span> <span class='ocrx_word' id='word_1_486' title='bbox 1226 2127 1280 2148; x_wconf 78' lang='lat' dir='ltr'>mu</span> <span class='ocrx_word' id='word_1_487' title='bbox 1309 2117 1336 2149; x_wconf 90' lang='lat' dir='ltr'>is</span> <span class='ocrx_word' id='word_1_488' title='bbox 1371 2117 1414 2151; x_wconf 88' lang='lat' dir='ltr'>ob</span> 
     </span>
     <span class='ocr_line' id='line_1_47' title="bbox 101 2161 1413 2205; baseline -0.001 -11"><span class='ocrx_word' id='word_1_489' title='bbox 101 2162 246 2201; x_wconf 82' lang='lat' dir='ltr'>codices,</span> <span class='ocrx_word' id='word_1_490' title='bbox 271 2173 371 2203; x_wconf 86' lang='lat' dir='ltr'>quam</span> <span class='ocrx_word' id='word_1_491' title='bbox 397 2164 438 2195; x_wconf 90' lang='lat' dir='ltr'>ob</span> <span class='ocrx_word' id='word_1_492' title='bbox 463 2164 661 2196; x_wconf 81' lang='lat' dir='ltr'>senteutiam</span> <span class='ocrx_word' id='word_1_493' title='bbox 686 2170 855 2205; x_wconf 79' lang='lat' dir='ltr'>suspecta.</span> <span class='ocrx_word' id='word_1_494' title='bbox 882 2181 922 2186; x_wconf 89' lang='lat'><strong>—</strong></span> <span class='ocrx_word' id='word_1_495' title='bbox 949 2164 1027 2196; x_wconf 85' lang='lat' dir='ltr'>ibid.</span> <span class='ocrx_word' id='word_1_496' title='bbox 1050 2164 1169 2204; x_wconf 69' lang='lat' dir='ltr'>littura</span> <span class='ocrx_word' id='word_1_497' title='bbox 1193 2172 1276 2205; x_wconf 89' lang='lat' dir='ltr'>quae</span> <span class='ocrx_word' id='word_1_498' title='bbox 1318 2161 1413 2203; x_wconf 68' lang='lat' dir='ltr'>listu-</span> 
     </span>
     <span class='ocr_line' id='line_1_48' title="bbox 102 2206 1409 2250; baseline -0.002 -10"><span class='ocrx_word' id='word_1_499' title='bbox 102 2217 173 2240; x_wconf 85' lang='lat' dir='ltr'>rum</span> <span class='ocrx_word' id='word_1_500' title='bbox 196 2217 282 2250; x_wconf 81' lang='lat' dir='ltr'>quae</span> <span class='ocrx_word' id='word_1_501' title='bbox 307 2207 329 2238; x_wconf 92' lang='lat'>1.</span> <span class='ocrx_word' id='word_1_502' title='bbox 346 2225 391 2232; x_wconf 84' lang='lat'><strong>—</strong></span> <span class='ocrx_word' id='word_1_503' title='bbox 418 2209 492 2249; x_wconf 90' lang='lat'><strong>100,</strong></span> <span class='ocrx_word' id='word_1_504' title='bbox 510 2209 541 2241; x_wconf 82' lang='lat'>5.</span> <span class='ocrx_word' id='word_1_505' title='bbox 568 2208 759 2250; x_wconf 65' lang='lat' dir='ltr'>Iugurthini</span> <span class='ocrx_word' id='word_1_506' title='bbox 781 2209 858 2241; x_wconf 82' lang='lat' dir='ltr'>belli</span> <span class='ocrx_word' id='word_1_507' title='bbox 881 2219 920 2240; x_wconf 86' lang='lat' dir='ltr'>eo</span> <span class='ocrx_word' id='word_1_508' title='bbox 939 2210 1048 2250; x_wconf 80' lang='lat' dir='ltr'>magis</span> <span class='ocrx_word' id='word_1_509' title='bbox 1066 2207 1229 2250; x_wconf 83' lang='lat' dir='ltr'>suspicio,</span> <span class='ocrx_word' id='word_1_510' title='bbox 1255 2206 1346 2247; x_wconf 85' lang='lat' dir='ltr'>quod</span> <span class='ocrx_word' id='word_1_511' title='bbox 1363 2206 1409 2238; x_wconf 73' lang='lat' dir='ltr'>ita</span> 
     </span>
     <span class='ocr_line' id='line_1_49' title="bbox 101 2250 1409 2289; baseline -0.001 -6"><span class='ocrx_word' id='word_1_512' title='bbox 101 2250 238 2284; x_wconf 79' lang='lat' dir='ltr'>Sallusti</span> <span class='ocrx_word' id='word_1_513' title='bbox 263 2252 304 2283; x_wconf 87' lang='lat' dir='ltr'>de</span> <span class='ocrx_word' id='word_1_514' title='bbox 329 2252 433 2284; x_wconf 78' lang='lat' dir='ltr'>Mario</span> <span class='ocrx_word' id='word_1_515' title='bbox 460 2253 620 2284; x_wconf 86' lang='lat' dir='ltr'>iudicium</span> <span class='ocrx_word' id='word_1_516' title='bbox 652 2253 756 2284; x_wconf 80' lang='lat' dir='ltr'>artius</span> <span class='ocrx_word' id='word_1_517' title='bbox 789 2254 1081 2285; x_wconf 86' lang='lat' dir='ltr'>circumscribitur.</span> <span class='ocrx_word' id='word_1_518' title='bbox 1111 2269 1154 2274; x_wconf 91' lang='lat'><strong>—</strong></span> <span class='ocrx_word' id='word_1_519' title='bbox 1187 2252 1262 2289; x_wconf 77' lang='lat'><strong>102,</strong></span> <span class='ocrx_word' id='word_1_520' title='bbox 1281 2252 1312 2284; x_wconf 79' lang='lat'>5.</span> <span class='ocrx_word' id='word_1_521' title='bbox 1338 2260 1409 2283; x_wconf 77' lang='lat' dir='ltr'>cum</span> 
     </span>
    </p>
   </div>
   <div class='ocr_carea' id='block_1_3' title="bbox 1478 0 1512 271">
    <p class='ocr_par' dir='ltr' id='par_1_5' title="bbox 1478 0 1512 271">
     <span class='ocr_line' id='line_1_50' title="bbox 1478 0 1512 271; baseline 0 2241"><span class='ocrx_word' id='word_1_522' title='bbox 1478 0 1512 271; x_wconf 95' lang='lat' dir='ltr'> </span> 
     </span>
    </p>
   </div>
  </div>
 </body>
</html>
