1537 2512
140 69 190 108 60
371 82 426 107 DE
453 81 587 108 BELLO
620 82 884 109 1vcvRTn1No
920 82 956 110 c.
984 77 1042 112 34.
1074 78 1132 113 35.
1163 78 1221 113 36.

141 178 211 216 dit:
238 178 447 227 Iugurthae
467 179 694 230 Bestiaeque
719 184 756 218 et
776 181 924 225 ceteris,
950 191 1047 231 quos
1067 179 1129 219 illa
1153 181 1325 230 quaestio
1346 192 1434 220 exa-

140 233 293 282 gitabat,
320 235 436 272 animi
461 239 684 284 augescunt.
840 264 845 275 t

73 291 126 331 35
253 288 345 326 Erat
373 301 416 328 ea
441 293 666 340 tempestate
695 289 841 328 Romae
873 289 1034 329 Numida
1068 290 1240 341 quidam,
1280 291 1436 330 nomine

140 342 311 388 Massiva,
334 344 520 383 Gulussae
539 344 657 388 filius,
680 344 900 383 Masinissae
921 356 1059 394 nepos,
1086 347 1150 395 qui
1193 346 1281 395 quia
1301 346 1340 383 in
1360 346 1435 384 dis-

140 399 317 437 sensione
345 410 483 449 regum
503 399 712 449 Iugurthae
741 399 925 438 advorsus
956 399 1101 443 fuerat,
1130 400 1255 438 dedita
1277 400 1377 439 Cirta
1399 406 1465 440 ets

106 462 125 492 2
140 453 356 492 Adherbale
382 455 583 493 interfecto
602 454 790 504 profugus
821 466 867 492 ex
889 455 1011 505 patria
1037 454 1196 493 abierat.
1246 455 1344 493 Huic
1367 455 1433 505 Sp.

140 507 316 553 Albinus,
349 510 414 559 qui
443 521 633 559 proxumo
663 521 763 547 anno
785 514 873 559 post
899 510 1065 548 Bestiam
1088 521 1175 548 cum
1203 509 1247 555 Q.
1269 509 1436 549 Minucio

140 562 241 602 Rufo
272 563 512 603 consulatum
541 563 719 614 gerebat,
761 565 985 613 persuadet,
1019 565 1197 615 quoniam
1235 576 1282 603 ex
1317 566 1436 614 stirpe

141 617 360 657 Masinissae
385 620 432 657 sit
470 619 772 669 Iugurthamque
803 619 851 658 ob
882 619 1028 658 scelera
1064 619 1201 657 invidia
1222 631 1310 658 cum
1332 625 1437 658 metu

106 679 127 712 3
141 679 321 722 urgueat,
352 684 516 723 regnum
536 674 737 713 Numidiae
759 674 804 713 ab
827 680 960 713 senatu
985 679 1099 723 petat.
1141 674 1281 712 Avidus
1303 673 1437 713 consul
1451 685 1485 711 ιο
1519 687 1523 689 ·

141 728 231 767 belli
247 730 411 778 gerundi
439 742 595 769 movere
612 741 728 780 quam
757 741 960 769 senescere
992 730 1117 767 omnia
1144 729 1327 768 malebat:
1365 730 1436 780 ipsi

102 795 125 825 4
140 785 335 834 provincia
365 784 562 830 Numidia,
598 784 764 823 Minucio
801 784 1022 823 Macedonia
1062 790 1253 823 evenerat.
1329 785 1436 831 Quae

140 843 344 889 postquam
368 839 526 879 Massiva
548 841 692 890 agitare
723 841 848 890 coepit
869 852 995 891 neque
1015 839 1223 889 Iugurthae
1244 841 1284 882 in
1304 841 1435 879 amicis

140 895 230 931 satis
253 895 419 944 praesidi
436 900 503 939 est,
523 895 624 947 quod
647 906 782 934 eorum
800 895 914 934 alium
932 896 1174 940 conscientia,
1198 895 1314 934 alium
1335 894 1435 934 mala

141 947 241 986 sama
273 953 310 987 et
329 951 443 988 timor
464 950 696 1000 inpediebat,
718 950 946 995 Bomsscari,
977 962 1168 1000 proxumo
1193 962 1238 989 ac
1258 962 1437 989 maxume
1450 960 1483 986 15
1528 984 1531 986 .

139 1003 216 1041 fido
236 1004 319 1048 sibi,
327 1005 503 1055 imperat,
522 1006 664 1055 precio,
688 1006 798 1044 sicuti
816 1005 933 1044 multa
951 1006 1181 1050 confecerat,
1197 1005 1438 1044 insidiatores

140 1057 322 1098 Massivae
342 1066 462 1109 paret,
485 1072 529 1099 ac
549 1072 727 1099 maxume
750 1061 917 1099 occulte:
941 1062 998 1098 sin
1024 1061 1060 1099 id
1079 1072 1216 1110 parurn
1238 1060 1435 1111 procedat,

106 1115 272 1165 5quovis
301 1115 416 1153 modo
442 1115 645 1154 Numidam
675 1117 888 1155 interficiat.
938 1115 1129 1154 Bomilcar
1157 1122 1307 1154 mature
1334 1117 1437 1165 regis

140 1169 318 1208 mandata
349 1172 550 1220 exequitur
582 1177 619 1209 et
638 1183 708 1220 per
729 1171 904 1210 homines
933 1171 1018 1209 talis
1043 1172 1173 1220 negoti
1194 1171 1357 1209 artifices
1377 1171 1436 1209 iti·
1534 1209 1537 1219 ,

140 1235 234 1262 nera
256 1236 511 1276 egressusque
533 1227 633 1270 eius,
657 1231 852 1277 postremo
874 1226 957 1265 loca
974 1232 1087 1277 atque
1102 1231 1278 1276 tempora
1299 1231 1484 1266 cunctam
1535 1256 1537 1260 ,

109 1278 334 1328 &exploran
363 1280 512 1325 deinde,
534 1281 600 1320 ubi
627 1293 690 1320 res
714 1281 943 1331 postulabat,
971 1281 1126 1319 insidias
1146 1282 1277 1320 tendit.
1317 1281 1438 1331 Igitur

141 1345 239 1372 unus
267 1347 314 1373 ex
343 1347 388 1374 eo
414 1347 597 1380 numero,
637 1337 700 1386 qui
730 1337 776 1375 ad
806 1337 963 1376 caedem
1000 1338 1123 1387 parati
1155 1343 1286 1381 erant,
1323 1336 1438 1387 paulo

139 1389 390 1429 inconsultius
409 1391 610 1429 Massivam
631 1392 877 1441 adgreditur:
900 1392 1007 1430 illum
1029 1391 1255 1437 obtruncat,
1278 1397 1335 1431 set
1356 1393 1437 1442 ipse

140 1443 405 1493 deprehensus
427 1446 555 1485 multis
580 1446 822 1485 hortantibus
846 1452 882 1486 et
906 1448 944 1485 in
966 1448 1098 1497 primis
1121 1446 1258 1485 Albino
1280 1447 1436 1486 consule

106 1511 121 1539 7
139 1499 321 1538 indicium
338 1502 552 1551 profitetur.
591 1502 650 1540 Fit
666 1513 756 1540 reus
778 1504 900 1553 magis
915 1515 961 1541 ex
981 1514 1104 1553 aequo
1124 1501 1304 1553 bonoque
1322 1513 1436 1553 quam
1449 1514 1483 1539 25

140 1565 184 1592 ex
211 1555 294 1593 iure
317 1558 486 1605 gentium
508 1556 710 1601 Bomilcar,
733 1569 863 1596 comes
893 1559 973 1597 eius
1003 1558 1067 1608 qui
1089 1557 1250 1596 Romam
1271 1557 1347 1596 fide
1365 1569 1436 1608 pu-

104 1607 238 1648 8blica
268 1616 436 1649 venerat.
479 1612 526 1650 At
557 1612 739 1661 Iugurtha
762 1613 999 1651 manufestus
1028 1614 1123 1651 tanti
1153 1611 1309 1651 sceleris
1359 1624 1436 1651 non

139 1665 246 1714 prius
272 1667 396 1704 omisit
427 1674 560 1705 contra
590 1679 722 1706 verum
745 1669 831 1711 niti,
860 1680 975 1718 quam
996 1669 1165 1706 animum
1188 1668 1352 1706 advortit
1372 1679 1435 1707 su-

104 1725 125 1758 9
140 1731 207 1768 pra
223 1722 384 1770 gratiam
405 1727 518 1772 atque
538 1723 739 1772 pecuniam
762 1734 868 1761 suam
884 1723 1060 1761 invidiam
1076 1723 1164 1761 sacti
1183 1734 1277 1762 esse.
1302 1722 1433 1774 Igitur,

139 1786 372 1826 quamquam
400 1778 438 1814 in
462 1779 586 1827 priori
611 1779 760 1817 actione
785 1790 830 1816 ex
853 1779 983 1816 amicis
1014 1779 1288 1829 quinquaginta
1318 1778 1434 1817 vades
1446 1791 1481 1818 ao

140 1830 317 1875 dederat,
349 1842 470 1881 regno
493 1834 614 1881 magis
645 1845 760 1883 quam
783 1833 942 1871 vadibus
957 1833 1161 1872 consulens
1178 1833 1275 1872 clam
1298 1834 1335 1872 in
1357 1833 1436 1872 Nu·

138 1886 292 1923 midiam
313 1886 569 1926 Bomilcarem
601 1888 772 1932 dimittit,
806 1890 948 1927 veritus
981 1901 1029 1927 ne
1051 1889 1217 1928 relicuos
1240 1888 1436 1939 popularis

138 1945 262 1978 metus
283 1943 478 1981 invaderet
498 1944 659 1994 parendi
685 1944 767 1987 sibi,
787 1945 816 1981 si
838 1944 885 1982 de
902 1944 965 1982 illo
989 1943 1220 1994 subplicium
1239 1949 1435 1994 sumptum

84 2000 125 2033 10
140 1995 250 2034 soret.
282 1997 330 2034 Et
359 1999 439 2047 ipse
469 2000 602 2048 paucis
629 1999 764 2037 diebus
786 1999 921 2037 eodem
942 2000 1138 2049 profectus
1161 2004 1237 2044 est,
1268 2000 1393 2038 iussus
1414 2011 1434 2037 a

138 2056 271 2089 senatu
301 2051 404 2090 Italia
429 2053 628 2092 decedere.
681 2054 747 2092 Set
776 2059 976 2105 postquam
1004 2054 1124 2093 lloma
1156 2065 1335 2104 egressus
1364 2059 1482 2099 estas

139 2105 263 2144 fertur
290 2118 404 2157 saepe
435 2120 479 2146 eo
501 2110 639 2147 tacitus
668 2110 876 2158 respiciens
897 2114 1093 2158 postremo
1114 2110 1272 2148 dixisse:
1300 2108 1345 2148 ‘O
1369 2121 1434 2148 ur-

138 2159 226 2199 bem
257 2162 430 2201 venalem
457 2168 493 2201 et
514 2170 663 2201 mature
685 2166 907 2213 perituram.
936 2165 966 2202 si
988 2169 1201 2214 emptorem
1221 2163 1435 2204 inveneriff

70 2221 122 2257 536
249 2216 405 2255 Interim
428 2218 586 2257 Albinus
614 2225 797 2257 renovato
820 2219 918 2257 bello
942 2225 1183 2259 conmeatum
1201 2220 1435 2270 stipendium
