1537 2512
409 96 465 122 m:
494 96 629 123 annno
660 95 927 124 nmvn‘rnmo
959 97 992 124 c.
1019 91 1075 128 79.
1104 93 1160 128 80.
1383 87 1435 127 85

137 205 185 232 ne
205 204 295 231 mox
315 193 435 232 victos
463 193 705 244 victoresque
736 194 906 234 defessos
935 194 1031 234 alius
1052 194 1341 244 adgrederetur,
1367 208 1437 247 per

136 248 303 287 indutias
322 249 567 297 sponsionem
596 248 759 294 faciunt,
791 250 846 288 uti
871 255 977 288 certo
999 250 1058 288 die
1077 249 1190 299 legati
1211 251 1326 290 domo
1346 262 1436 302 pro-

137 304 422 342 ficiscerentur:
446 314 522 354 quo
544 304 582 341 in
601 302 687 342 loco
709 306 808 344 inter
829 316 869 343 se
891 304 991 343 obvii
1008 304 1180 350 ruissent,
1205 307 1236 344 is
1262 317 1436 345 commu-

137 359 196 397 nis
214 357 416 408 utriusque
439 357 572 409 populi
591 359 677 397 finis
703 359 926 398 haberetur.
970 360 1089 409 Igitur
1107 359 1337 410 Carthagine
1357 361 1434 400 duo
1449 366 1470 399 5

106 429 122 454 ι,
138 413 276 452 fratres
296 413 412 457 missi,
436 413 576 464 quibus
598 425 738 453 nomen
765 414 956 453 Philaenis
979 419 1071 458 erat,
1092 420 1336 455 maturavere
1364 417 1437 455 iter

134 478 320 519 pergere:
353 467 594 507 Curenenses
621 470 768 508 tardius
801 471 892 509 iere.
953 470 995 508 ld
1019 470 1247 509 socordiane
1274 483 1322 510 an
1344 482 1435 510 casu

136 523 330 567 acciderit,
359 535 497 573 parum
527 526 700 573 cognovi.
747 524 925 564 Ceterum
953 524 1049 564 solet
1070 526 1107 563 in
1129 525 1201 564 illis
1221 525 1315 564 locis
1340 530 1470 566 tem-6

135 582 264 629 pestas
291 577 384 617 haut
410 590 522 617 secus
552 584 666 630 atque
700 581 738 618 in
770 582 866 619 mari
897 581 1077 619 retinere.
1146 580 1242 619 Nam
1271 580 1338 619 ubi
1365 592 1437 631 per

135 633 220 672 loca
249 632 422 684 aequalia
452 638 488 673 et
517 634 620 673 nuda
642 636 879 685 gignentium
909 639 1045 674 ventus
1075 640 1231 674 coortus
1250 635 1436 674 harenam

92 701 123 727 10
136 688 254 728 humo
281 689 466 734 excitavit,
500 701 543 728 ea
570 700 709 739 magna
730 691 765 728 vi
787 692 925 740 agitata
947 702 1015 729 ora
1046 690 1256 740 oculosque
1287 690 1436 740 inplere

136 743 244 788 solet,
275 745 326 782 ita
352 749 561 795 prospectu
586 745 754 795 inpedito
777 747 921 784 morari
952 747 1035 784 iter.
1084 744 1292 795 Postquam
1317 746 1469 786 Cure-7

134 810 275 838 nenses
296 797 490 849 aliquanto
515 801 750 850 posteriores
777 812 816 839 se
846 812 928 839 esse
955 800 1084 839 vident
1113 805 1150 839 et
1170 800 1218 838 ob
1239 812 1322 839 rem
1345 812 1436 839 con-

134 858 290 904 ruptam
306 853 408 893 domi
424 866 568 905 poenas
587 860 775 900 metuunt,
798 856 993 894 criminari
1010 854 1332 905 Carthaginiensis
1348 860 1437 895 ante

135 916 287 960 tempus
303 909 417 948 domo
433 909 637 960 digressos,
651 910 883 950 conturbare
894 923 989 955 rem,
1002 910 1167 960 denique
1182 911 1307 949 omnia
1324 910 1436 950 malle

92 980 123 1005 15
137 977 251 1016 quam
273 965 361 1003 victi
381 964 500 1004 abire.
534 965 600 1004 Set
622 978 708 1005 cum
725 966 843 1005 Poeni
864 966 975 1004 aliam
999 965 1268 1009 conditionem,
1289 970 1471 1006 tantum8

136 1020 252 1059 modo
273 1032 453 1071 aequam,
476 1025 674 1071 peterent,
697 1021 833 1060 Graeci
852 1022 1046 1071 optionem
1068 1019 1437 1070 Carthaginiensium

138 1075 299 1119 faciunt,
331 1080 374 1114 ut
392 1076 451 1115 rel
475 1075 545 1120 illi,
579 1088 675 1127 quos
697 1076 782 1114 finis
810 1076 953 1127 populo
984 1087 1053 1115 suo
1074 1080 1262 1127 peterent,
1296 1075 1346 1114 ibi
1368 1077 1438 1115 vivi

139 1129 421 1176 obruerentur,
452 1131 510 1170 vel
549 1131 683 1170 eadem
723 1132 939 1170 conditione
977 1142 1060 1170 sese
1092 1143 1207 1181 quem
1238 1131 1276 1169 in
1309 1129 1438 1170 locum

138 1185 279 1225 vellent
301 1197 567 1236 processuros.
622 1186 794 1226 Philaeni
822 1186 1038 1225 conditione
1059 1186 1219 1236 probata
1241 1197 1360 1236 seque
1386 1187 1436 1225 vi-
1452 1191 1474 1225 9

91 1246 294 1292 2otamque
333 1251 441 1280 suam
478 1243 535 1281 rei
573 1241 753 1292 publicae
789 1242 1073 1280 condonavere:
1105 1242 1155 1279 ita
1185 1241 1256 1279 vivi
1295 1240 1435 1280 obruti.

136 1296 468 1346 Carthaginienses
504 1298 541 1336 in
580 1309 624 1336 eo
660 1297 746 1336 loco
776 1296 967 1336 Philaenis
1002 1296 1185 1335 fratribus
1227 1307 1314 1335 aras
1344 1308 1433 1335 con·
1452 1301 1493 1335 10

136 1363 356 1395 secrawre,
381 1351 519 1402 aliique
538 1352 609 1391 illis
630 1353 732 1391 domi
754 1352 922 1390 honores
942 1352 1113 1390 instituti.
1150 1351 1261 1390 Nunc
1282 1351 1329 1389 ad
1353 1363 1436 1390 rem

136 1406 266 1446 redeo.

248 1461 433 1512 Iugurtha
453 1467 655 1512 postquam
672 1463 808 1500 amissa
825 1461 943 1500 Thala
961 1461 1052 1499 nihil
1072 1462 1161 1500 satis
1177 1460 1331 1500 firmum
1348 1472 1438 1500 cou-
1453 1461 1504 1502 80

93 1534 124 1559 25
140 1523 197 1556 tra
217 1516 411 1557 Metellum
431 1522 550 1567 putat,
575 1529 645 1567 per
663 1528 821 1566 magnas
841 1516 1064 1555 solitudines
1086 1528 1174 1555 cnm
1196 1516 1327 1565 paucis
1347 1527 1437 1566 pro·

140 1573 262 1612 sectus
280 1573 456 1623 pervenit
484 1572 531 1610 ad
563 1572 755 1615 Gaetulos,
787 1582 909 1620 genus
931 1571 1130 1610 hominum
1162 1571 1287 1609 serum
1317 1570 1438 1609 incul-

140 1634 297 1678 tumque
329 1632 366 1667 et
397 1639 442 1666 eo
471 1632 646 1677 tempore
677 1628 851 1676 ignarum
882 1627 1045 1665 nominis
1069 1626 1243 1664 Romani.
1291 1625 1470 1665 Eorum2

139 1682 422 1722 multitudinem
443 1683 480 1720 in
503 1694 623 1721 unum
645 1684 745 1731 cogit
766 1694 809 1721 ac
824 1681 1005 1732 paulatim
1027 1681 1261 1720 consuefacit
1283 1680 1438 1719 ordines

139 1738 297 1783 habere,
327 1739 432 1787 signa
456 1739 574 1788 sequi,
587 1739 792 1787 imperium
817 1737 1034 1779 observare,
1057 1737 1145 1774 item
1167 1735 1238 1773 alia
1259 1735 1436 1774 militaria

94 1794 280 1835 sefacere.
335 1793 540 1832 Praeterea
571 1794 673 1842 regis
696 1792 839 1831 Bocchi
876 1802 1087 1841 proxumos
1123 1791 1272 1839 magnis
1301 1797 1471 1830 mune-3

139 1848 248 1887 ribus
278 1852 315 1888 et
334 1847 546 1886 maioribus
573 1848 771 1897 promissis
791 1847 836 1885 ad
859 1846 1026 1885 studium
1043 1846 1100 1884 sui
1123 1845 1318 1895 perducit,
1354 1845 1439 1895 quis

141 1902 379 1942 adiutoribus
406 1913 538 1952 regem
571 1902 775 1951 adgressus
804 1901 969 1952 inpellit,
1009 1902 1063 1939 uti
1087 1900 1270 1939 advorsus
1295 1899 1436 1938 Roma-

139 1970 211 1998 nos
241 1957 385 1997 bellum
407 1958 571 2008 incipiat.
633 1957 674 1996 ld
699 1970 741 1996 ea
772 1958 892 2007 gratia
922 1955 1068 1995 facilius
1097 1956 1334 2005 proniusque
1355 1954 1473 1999 suit,4

142 2013 244 2065 quod
274 2012 451 2052 Bocchus
478 2014 583 2051 initio
613 2012 772 2051 huiusce
802 2011 891 2051 belli
922 2011 1066 2060 legatos
1090 2010 1251 2049 Romam
1282 2011 1440 2048 miserat

96 2068 277 2110 moedus
307 2073 344 2108 et
375 2069 576 2106 amicitiam
607 2069 787 2119 petitum:
818 2078 932 2117 quam
954 2077 1037 2104 rem
1060 2066 1471 2116 opportunissumam5

140 2125 293 2175 incepto
313 2122 414 2162 bello
438 2125 549 2174 pauci
572 2123 847 2174 i11pediverant,
873 2123 976 2161 caeci
1002 2122 1169 2165 avaritia,
1193 2121 1277 2170 quis
1297 2121 1436 2164 omnia,

140 2179 300 2218 honesta
333 2183 446 2228 atque
472 2178 692 2222 inhonesta,
722 2177 888 2216 vendere
915 2188 999 2215 mos
1030 2181 1122 2215 erat.
1174 2175 1297 2214 Etiam
1327 2179 1472 2214 anteass

141 2233 348 2284 Iugurthae
364 2233 439 2272 filia
459 2233 614 2272 Boccho
631 2238 829 2284 nupserat.
861 2231 1003 2271 Verum
1020 2243 1063 2270 ea
1079 2230 1321 2270 necessitudo
1337 2228 1438 2279 apud

141 2288 325 2328 Numidas
348 2288 581 2340 Maurosque
610 2289 701 2328 levis
725 2288 888 2329 ducitur.
916 2288 1001 2338 quia
1025 2285 1175 2335 singuli,
1207 2297 1278 2335 pro
1303 2283 1439 2333 opibus
