1537 2512
320 100 362 128 D.
393 99 429 128 c.
463 100 498 128 c.
529 101 565 128 c.
596 94 652 130 61.
711 103 766 128 DE
795 103 928 129 BELLo
958 102 1043 130 ΝΘ.
1076 103 1111 130 c.
1146 96 1177 130 1.
1207 95 1242 129 2.
1350 87 1401 126 37

109 197 257 238 hostilia
281 199 466 239 cadavera
486 199 651 237 amicum
672 196 745 241 alii,
775 209 865 248 pars
888 196 1078 247 hospitem
1108 203 1173 236 aut
1199 202 1405 247 cognatum

107 254 369 306 reperiebant:
395 254 504 293 suere
523 254 613 292 item
634 253 700 303 qui
720 253 896 291 inimicos
916 263 1006 290 suos
1031 258 1321 302 cognoscerent.
1351 252 1406 292 Ita
1421 263 1443 296 9

107 311 210 349 varie
240 321 311 360 per
342 321 496 349 omnem
527 309 738 347 exercitum
767 308 907 347 laetitia
938 319 1104 352 maeror,
1134 308 1261 348 luctus
1291 314 1406 359 atque

108 365 246 415 gaudia
270 365 524 414 agitabantur.

374 698 500 750 GAI
540 697 878 750 SALLVSTI
917 697 1142 750 CRISPI

685 831 829 862 LIBER

249 947 351 1004 DE
400 946 668 1003 BELLO
723 946 1253 1006 IVGVRTHINO

76 1210 92 1236 5
225 1184 350 1240 Falso
378 1200 552 1250 queritur
574 1200 622 1238 de
651 1206 788 1238 natura
812 1212 879 1238 sua
903 1210 1024 1249 genus
1044 1200 1275 1245 humanum,
1303 1201 1405 1252 quod
1425 1205 1440 1243 1

105 1253 282 1294 inbecilla
301 1260 414 1306 atque
433 1256 513 1294 aevi
533 1254 662 1294 brevis
683 1255 783 1294 sorte
798 1256 925 1306 potius
941 1267 1056 1306 quam
1073 1257 1211 1295 virtute
1231 1261 1402 1306 regatur.

105 1309 202 1349 Nam
227 1315 360 1349 contra
390 1310 607 1360 reputando
637 1323 764 1361 neque
793 1312 916 1350 maius
947 1310 1048 1349 aliud
1082 1323 1208 1362 neque
1233 1316 1440 1362 praesta-2

105 1364 218 1404 bilius
237 1366 408 1404 invenias
423 1367 622 1417 magisque
643 1371 803 1405 naturae
823 1366 1049 1404 industriam
1070 1366 1268 1405 hominum
1292 1379 1406 1417 quam

104 1421 178 1459 vim
205 1426 271 1460 aut
299 1426 451 1472 tempus
478 1421 622 1460 deesse.
652 1422 720 1460 Set
735 1421 812 1460 dux
828 1428 943 1472 atque
960 1423 1173 1471 imperator
1184 1422 1282 1461 vitae
1302 1432 1440 1465 mor-3

58 1485 90 1512 ιο
106 1475 235 1514 talium
253 1477 402 1515 animus
427 1481 493 1515 est.
516 1478 587 1524 Qui
606 1476 674 1515 ubi
697 1477 742 1515 ad
765 1476 925 1525 gloriam
948 1477 1094 1515 virtutis
1113 1477 1170 1516 via
1192 1482 1402 1527 grassatur,

103 1531 257 1570 abunde
286 1530 434 1581 pollens
463 1537 676 1582 potensque
697 1536 734 1570 et
763 1531 889 1570 clarus
909 1537 965 1570 est
987 1544 1113 1582 neque
1140 1532 1294 1571 fortuna
1319 1539 1406 1583 eget

106 1609 152 1614 —
177 1588 318 1638 qqupe
338 1586 571 1637 probitatem
594 1588 820 1625 industriam
841 1587 1010 1638 aliasque
1026 1589 1119 1626 artis
1137 1587 1259 1626 bonas
1279 1600 1404 1639 neque

103 1642 196 1681 dare
223 1654 351 1693 neque
377 1643 529 1693 eripere
560 1644 739 1693 cuiquam
764 1647 889 1692 potest
922 1656 991 1680 -ε
1023 1643 1080 1681 sin
1116 1648 1250 1693 captus
1278 1645 1440 1693 pravisi

106 1697 352 1747 cupidinibus
368 1697 415 1736 ad
438 1699 615 1737 inertiam
634 1704 670 1737 et
685 1698 899 1748 voluptates
922 1700 1097 1749 corporis
1118 1710 1274 1748 pessum
1295 1699 1406 1738 datus

57 1766 88 1791 15
104 1757 180 1798 est,
212 1754 421 1804 pernitiosa
447 1753 834 1804 lubidinepaulisper
859 1765 972 1796 usus,
1006 1753 1071 1792 ubi
1092 1765 1162 1803 per
1188 1755 1404 1793 socordiam

103 1809 203 1848 vires
231 1813 385 1859 tempus
413 1810 610 1858 ingenium
635 1808 849 1853 diffluxere,
874 1814 1035 1847 naturae
1063 1809 1262 1848 infirmitas
1291 1821 1405 1849 accu-

102 1868 231 1902 satur:
253 1875 360 1902 suam
385 1866 548 1914 quisque
569 1864 719 1915 culpam
741 1870 891 1903 actores
909 1864 955 1902 ad
982 1865 1132 1913 negotia
1153 1864 1403 1904 transferunt.

102 1918 213 1965 Quod
235 1919 267 1957 si
288 1918 509 1957 hominibus
530 1919 721 1958 bonarum
743 1931 876 1958 rerum
895 1925 996 1958 tanta
1016 1931 1109 1958 cura
1126 1925 1237 1964 esset,
1261 1926 1403 1970 quanto
1417 1931 1439 1964 5

101 1973 227 2013 studio
248 1973 371 2013 aliena
396 1986 441 2013 ac
472 1974 564 2013 nihil
593 1975 796 2026 profutura
823 1974 1019 2025 multaque
1047 1976 1160 2014 etiam
1188 1976 1404 2025 periculosa

55 2043 88 2069 πο
101 2041 150 2068 ac
167 2032 381 2079 pernitiosa
396 2034 543 2080 petunt,
567 2042 693 2080 neque
709 2035 939 2079 regerentur
953 2031 1075 2080 magis
1092 2042 1206 2081 quam
1222 2035 1405 2081 regerent

102 2096 213 2124 casus
244 2091 282 2125 et
303 2097 348 2124 eo
376 2085 648 2135 magnitudinis
676 2086 951 2136 procederent,
982 2085 1049 2125 ubi
1077 2097 1149 2136 pro
1176 2086 1404 2125 mortalibus

100 2139 222 2189 gloria
252 2142 399 2180 aeterni
425 2141 573 2180 fierent.
606 2141 702 2180 Nam
724 2142 777 2180 uti
798 2152 920 2190 genus
940 2141 1138 2180 hominum
1161 2143 1402 2192 conpositum
1422 2146 1446 2184 2

101 2207 147 2234 ex
177 2208 342 2247 corpore
374 2201 412 2235 et
436 2197 559 2235 anima
583 2201 651 2241 est,
683 2198 732 2235 ita
763 2208 827 2235 res
848 2202 1010 2235 cunctae
1040 2197 1244 2248 studiaque
1277 2198 1403 2235 omnia

98 2256 229 2289 nostra
263 2253 439 2302 corporis
469 2252 552 2297 alia,
587 2251 656 2290 alia
685 2252 800 2290 animi
826 2256 1004 2291 naturam
1034 2257 1231 2291 secuntur.
1281 2252 1436 2302 Igitur2
