1537 2512
152 88 206 129 74
387 100 442 125 m:
471 99 603 126 BELLo
636 97 892 126 IVGvRTHmo
925 99 958 124 c.
989 88 1046 123 58.
1077 88 1132 122 59.
1164 88 1220 124 60.

112 208 133 239 2
155 200 259 239 tibus
275 201 429 249 portam
442 197 641 247 inrumpit.
662 197 711 235 At
725 197 848 235 nostri
863 196 1070 246 repentino
1085 199 1191 234 metu
1204 195 1378 246 perculsi
1388 195 1463 236 sibi

156 256 319 305 quisque
334 263 406 303 pro
423 252 597 291 moribus
618 251 845 290 consulunt:
871 251 934 290 alii
951 251 1088 301 sugere
1104 249 1168 289 alii
1184 263 1291 291 arma
1307 263 1460 303 capere,

114 318 135 351 3
157 320 295 359 magna
312 320 403 360 pars
419 307 609 347 volnerati
627 312 692 346 aut
716 308 846 346 occisi.
887 306 1068 346 Ceterum
1095 317 1141 344 ex
1165 308 1271 345 omni
1289 307 1461 346 multitu·

157 365 246 403 dine
269 376 349 403 non
372 363 536 414 amplius
561 362 835 413 quadraginta,
869 372 1064 400 memores
1094 363 1262 401 nominis
1286 361 1462 407 Romani,

156 431 275 470 grege
290 419 391 458 sacto
409 418 537 458 locum
563 429 702 468 cepere
727 417 842 468 paulo
865 429 980 468 quam
998 416 1062 455 alii
1087 417 1310 462 editiorem,
1335 429 1494 468 neque5
1535 446 1537 450 «

156 476 247 514 inde
264 485 445 514 maxuma
463 475 498 512 vi
514 473 655 524 depelli
678 475 902 524 quiverunt,
926 478 984 511 set
1007 472 1083 511 tela
1103 474 1253 512 eminus
1271 475 1386 513 missa
1402 485 1464 512 re·
1520 524 1522 526 q

157 532 324 574 mittere,
343 529 459 580 pauci
474 530 512 568 in
529 528 710 580 pluribus
726 529 856 567 miuus
868 528 1063 567 frustrati:
1091 529 1150 566 sin
1167 528 1357 568 Numidae
1373 541 1465 580 pro·
1533 532 1537 541 ’

162 588 248 637 pius
274 587 547 630 adcessissent,
578 585 631 624 ibi
660 596 753 624 vero
781 586 961 624 vii-tutem
991 584 1196 624 ostendere
1221 589 1259 623 et
1287 596 1353 624 eos
1381 596 1462 624 ma·

125 655 278 687 4xuma
308 643 344 681 vi
373 641 548 686 caedere,
581 640 744 680 fundere
774 645 888 692 atque
909 640 1056 689 fugare.
1109 639 1268 678 Interim
1288 639 1463 680 Metellus

162 710 250 737 cum
288 709 493 737 acerrume
529 708 613 735 rem
640 701 813 746 gereret,
851 695 1057 735 tumultum
1090 694 1268 733 hostilem
1301 707 1323 734 a
1352 700 1462 746 tergo
1475 706 1508 732 ιο

162 753 331 804 accepit:
379 753 467 791 dein
513 762 701 791 convorso
736 763 834 802 equo
867 750 1135 790 animadvortit
1172 750 1302 799 sugam
1338 751 1387 790 ad
1422 762 1464 790 se

126 819 319 852 5vorsum
349 807 452 852 fieri,
490 819 586 858 quae
620 818 684 846 res
717 805 910 845 indicabat
943 805 1140 856 popularis
1180 817 1277 844 esse.
1342 806 1463 856 Igitur

163 864 373 915 equitatum
405 874 559 902 omnem
593 862 640 901 ad
675 866 799 901 castra
826 873 994 912 propere
1023 861 1143 905 misit,
1187 872 1231 899 ac
1251 862 1378 900 statim
1416 862 1460 901 G.

161 920 325 959 Marium
352 929 440 957 cum
469 917 693 956 cohortibus
722 917 935 961 sociorum,
967 928 1131 967 eumque
1150 915 1371 955 lacrumans
1392 928 1462 967 per

161 974 366 1014 amicitiam
395 985 543 1024 perque
572 984 656 1011 rem
686 971 880 1023 publicam
901 972 1089 1016 obsecrat,
1111 983 1160 1010 ne
1189 983 1302 1021 quam
1327 977 1507 1011 contu-15

160 1028 315 1068 meliam
345 1040 550 1068 remanere
580 1029 619 1067 in
649 1028 820 1066 exercitu
848 1028 1012 1070 victore,
1046 1039 1141 1066 neve
1171 1026 1291 1065 hostis
1321 1027 1463 1067 inultos

125 1084 269 1131 fiabire
295 1085 405 1123 sinat.
436 1083 504 1123 Ille
529 1083 637 1123 brevi
665 1082 842 1122 mandata
872 1082 997 1121 efficit.
1052 1083 1101 1120 At
1128 1081 1309 1132 Iugurtha
1338 1084 1461 1122 muni-

160 1144 292 1179 mento
320 1144 536 1179 castrorum
566 1138 776 1189 inpeditus,
810 1150 897 1178 cum
928 1137 989 1176 alii
1012 1149 1128 1188 super
1152 1136 1291 1176 vallum
1312 1139 1461 1188 praeci-

160 1197 399 1246 pitarentur,
424 1194 487 1234 alii
508 1195 546 1233 in
568 1194 752 1244 angustiis
771 1193 844 1244 ipsi
862 1193 933 1232 sibi
954 1197 1209 1244 properantes
1233 1192 1458 1238 obiicerem,

161 1249 290 1290 multis
315 1250 466 1288 amissis
485 1250 524 1288 in
545 1248 629 1288 loca
653 1249 798 1287 munita
815 1260 898 1288 sese
922 1250 1081 1299 recepit.
1120 1247 1295 1287 Metellus
1315 1249 1458 1288 infecto
1473 1261 1506 1288 κ

102 1334 115 1345 ,
160 1306 335 1355 negotio,
365 1310 571 1356 postquam
599 1316 676 1342 nox
707 1304 858 1348 aderat,
890 1305 927 1342 iu
951 1309 1074 1343 castra
1098 1315 1184 1342 cum
1207 1305 1377 1344 exercitu
1398 1316 1459 1344 re-

160 1362 334 1399 vortitur.

90 1412 144 1452 59
272 1415 392 1465 Igitur
413 1418 570 1465 postero
591 1413 651 1454 die
667 1416 775 1465 prius
796 1426 910 1465 quam
942 1414 988 1453 ad
1021 1414 1322 1465 obpugnandum
1349 1425 1459 1465 egre—

160 1471 331 1515 deretur,
357 1471 565 1521 equitatum
589 1482 743 1509 omnem
773 1471 810 1508 in
836 1482 879 1509 ea
904 1475 1025 1520 parte,
1056 1482 1130 1521 qua
1151 1471 1254 1519 regis
1275 1469 1459 1510 adventus

161 1531 254 1570 erat,
278 1537 350 1575 pro
376 1526 510 1564 castris
532 1527 676 1575 agitare
699 1525 814 1569 iubet,
841 1530 973 1575 portas
1004 1530 1040 1564 et
1069 1537 1256 1575 proxuma
1286 1524 1370 1564 loca
1391 1527 1459 1565 tri·
1472 1538 1505 1564 25

159 1581 273 1620 bunis
312 1581 504 1630 dispertit,
543 1581 681 1620 deinde
711 1582 791 1631 ipse
820 1582 946 1630 pergit
974 1581 1021 1620 ad
1051 1581 1234 1631 oppidum
1263 1585 1376 1631 atque
1405 1583 1460 1621 uti

159 1637 361 1687 superiore
379 1635 439 1674 die
449 1647 604 1675 murum
616 1636 851 1686 adgreditur.
871 1635 1028 1674 Interim
1044 1635 1229 1686 Iugurtha
1245 1648 1290 1675 ex
1308 1635 1458 1676 occulto

124 1698 144 1729 2
159 1695 320 1742 repente
341 1695 495 1729 nostros
516 1691 676 1730 invadit:
700 1692 763 1741 qui
781 1692 817 1729 in
840 1703 1031 1741 proxumo
1053 1691 1165 1730 locati
1183 1690 1346 1735 fuerant,
1363 1703 1457 1741 pau-

126 1746 278 1797 3lisper
307 1747 430 1785 territi
460 1745 758 1796 perturbantur,
790 1746 923 1785 relicui
945 1747 1019 1785 cito
1041 1746 1282 1786 subveniunt.
1324 1745 1458 1798 Neque

159 1802 300 1841 diutius
329 1801 517 1840 Numidae
549 1803 729 1840 resistere
750 1803 974 1852 quivissent,
1007 1803 1045 1840 ni
1065 1802 1212 1852 pedites
1238 1813 1325 1841 cum
1351 1804 1504 1853 equi-so

157 1856 260 1896 tibus
288 1857 466 1906 permixti
489 1868 667 1906 magnam
692 1856 837 1896 cladem
860 1858 897 1895 in
928 1868 1138 1907 congressu
1159 1857 1350 1897 facerent:
1374 1859 1456 1909 qui·

158 1912 231 1950 bus
251 1911 303 1950 illi
333 1911 431 1955 freti,
458 1923 547 1955 non,
577 1914 630 1950 uti
655 1913 821 1963 equestri
843 1911 990 1962 proelio
1015 1913 1264 1965 solen-sequi,
1283 1913 1370 1952 dein
1395 1925 1455 1953 ce-

159 1967 264 2011 dere,
288 1971 345 2005 sct
365 1967 536 2005 advorsis
559 1968 667 2018 equis
684 1979 931 2011 concurrere,
955 1967 1139 2018 inplicare
1160 1980 1204 2007 ac
1227 1967 1456 2019 perturbare

159 2023 300 2061 aciem:
327 2023 374 2060 ita
402 2021 587 2072 expeditis
608 2023 799 2073 peditibus
819 2024 896 2062 suis
917 2023 1037 2062 hostis
1058 2035 1180 2073 paene
1203 2025 1321 2063 victos
1348 2023 1452 2062 dare.

91 2078 143 2117 60
159 2077 303 2116 Eodem
330 2083 503 2127 tempore
533 2078 634 2127 apud
666 2079 819 2117 Zamam
851 2089 988 2127 magna
1019 2079 1052 2116 vi
1087 2078 1321 2118 certabatur.
1381 2078 1501 2119 Ubisss

158 2133 319 2184 quisque
358 2131 506 2181 legatus
537 2138 601 2172 aut
637 2133 815 2172 tribunus
842 2133 1019 2178 curabat,
1058 2146 1104 2173 eo
1140 2145 1342 2173 acerrume
1373 2135 1452 2179 niti,

157 2200 281 2239 neque
301 2187 396 2226 alius
423 2189 460 2225 in
482 2187 554 2226 alio
577 2189 698 2237 magis
719 2200 832 2239 quam
859 2190 895 2226 in
924 2200 1007 2228 sese
1028 2201 1134 2240 spem
1159 2188 1322 2228 habere:
1353 2190 1454 2240 pari-

156 2249 292 2294 terque
314 2242 492 2293 oppidani
516 2254 650 2293 agere:
674 2243 899 2294 obpugnare
915 2249 980 2283 aut
994 2256 1132 2295 parare
1150 2244 1327 2284 omnibus
1348 2244 1454 2290 locis,
