1537 2512
100 71 152 110 66
383 81 438 106 m:
469 79 605 106 nmmo
633 77 897 105 IVGVR'I'HINO
922 77 959 104 c.
982 71 1041 106 45.
1063 72 1118 106 46.

64 193 86 224 2
100 180 294 219 deratum:
314 189 481 228 namque
498 176 623 216 edicto
638 177 805 227 primum
828 176 1047 216 adiumenta
1068 176 1241 227 ignaviae
1272 181 1401 216 sustu-

98 235 209 278 lisse,
242 245 292 272 ne
323 233 526 284 quisquam
554 232 593 270 in
617 233 753 270 castris
775 243 915 283 panem
945 236 1010 271 aut
1034 243 1148 282 quem
1174 231 1292 271 alium
1313 244 1400 271 coc-

99 295 181 329 tum
213 288 343 328 eibum
373 287 577 330 venderet,
609 298 658 326 ne
686 286 785 326 lixae
815 288 1028 327 exercitum
1048 291 1322 338 sequerentur,
1351 299 1402 326 ne

99 344 207 383 miles
238 343 442 394 gregarius
472 343 673 395 incastris
703 354 799 381 neve
827 344 865 381 in
897 343 1050 391 agmine
1071 353 1226 381 servum
1247 347 1314 381 aut
1342 343 1399 381 iu-

100 404 273 438 mentum
294 398 473 437 haberet:
504 398 642 437 ceteris
670 401 752 436 arte
775 397 934 436 modum
958 397 1146 436 statuisse.
1190 397 1426 436 Praetereas

99 454 329 493 transvorsis
350 452 552 492 itineribus
574 452 711 491 cotidie
727 457 853 492 castra
880 464 1047 497 movere,
1074 453 1176 491 iuxta
1201 464 1246 492 ac
1270 453 1302 491 si
1330 451 1400 491 ho-

100 514 177 548 stes
198 509 377 548 adessent
397 508 495 547 vallo
519 512 634 559 atque
660 507 761 547 fossa
782 509 947 553 munire,
970 506 1116 557 vigilias
1143 506 1303 546 crebras
1331 519 1400 558 po-

99 577 194 603 nere
223 569 262 603 et
290 575 354 603 eas
377 565 459 614 ipse
490 575 578 602 cum
605 562 741 612 legatis
768 564 985 607 circumire,
1007 564 1098 601 item
1127 562 1166 600 in
1191 563 1343 613 agmine
1362 564 1400 602 in

101 621 234 670 primis
259 619 375 658 modo
395 619 510 658 modo
532 619 570 657 in
592 619 810 669 postremiS,
835 629 950 668 saepe
975 619 1013 656 in
1036 617 1163 657 medio
1181 617 1328 663 adesse,
1351 629 1401 657 ne

101 676 291 726 quispiam
319 674 454 713 ordine
479 674 744 723 egrederetur,
776 677 819 712 ut
839 684 928 712 cum
952 673 1070 724 signis
1100 672 1324 724 frequentes
1342 674 1398 712 in·
1413 686 1445 713 ic

65 730 302 774 ecederent,
336 729 446 768 miles
477 729 606 768 cibum
638 732 675 767 et
702 741 808 767 arma
839 733 1023 779 portaret.
1070 728 1126 767 Ita
1155 727 1400 779 prohibendo

99 798 120 825 a
148 785 295 824 delictis
326 785 447 834 magis
471 796 585 835 quam
618 784 846 822 vindicando
877 785 1090 823 exercitum
1119 782 1229 822 brevi
1259 784 1399 823 confir-

97 841 224 879 mavit.

29 902 84 941 46
209 895 360 934 Interea
390 893 586 943 Iugurtha,
613 893 681 933 ubi
702 904 800 944 quae
818 892 992 933 Metellus
1022 893 1160 944 agebat
1180 906 1227 932 ex
1256 894 1400 932 nuntiis

99 949 391 1001 accepit‚-simul
415 949 462 988 de
483 950 699 988 innocentia
723 949 804 988 eius
824 950 965 988 certior
989 949 1111 988 Roma
1134 949 1270 992 factus,
1302 949 1399 988 disfi-
1415 961 1447 988 ιε

100 1006 192 1045 dere
222 1006 301 1044 suis
332 1005 451 1044 rebus
483 1016 527 1043 ac
553 1008 636 1043 tum
663 1004 820 1043 demum
849 1016 981 1044 veram
1011 1005 1243 1044 deditionem
1273 1003 1402 1043 facere

66 1070 86 1100 2
102 1066 263 1100 conatus
285 1065 354 1099 est.
395 1059 516 1109 Igitur
535 1059 682 1110 legatos
703 1059 750 1098 ad
773 1059 972 1099 consulem
995 1072 1084 1099 cum
1103 1058 1300 1110 suprIciis
1315 1060 1400 1098 mit-

97 1118 164 1161 tit,
196 1117 261 1167 qui
290 1120 439 1155 tantum
469 1115 585 1154 modo
615 1115 688 1165 ipsi
716 1114 926 1166 liberisque
955 1116 1069 1154 vitam
1099 1119 1298 1166 peterent,
1330 1114 1400 1154 alia

99 1173 225 1210 omnia
256 1171 443 1210 dederent
471 1169 614 1221 populo
645 1169 831 1209 Romano.

62 1236 83 1268 8
209 1226 275 1266 Set
290 1225 441 1265 Metello
458 1227 533 1264 iam
550 1230 661 1264 antea
683 1227 954 1276 experimentis
971 1226 1167 1276 cognitum
1183 1230 1266 1264 erat
1278 1236 1401 1275 genus
1414 1238 1448 1266 20

97 1281 351 1321 Numidarum
383 1281 564 1325 infidum,
596 1280 750 1330 ingenio
774 1280 925 1326 mobili,
957 1293 1144 1320 novarum
1166 1292 1299 1320 rerum
1323 1282 1399 1320 avi-

62 1351 81 1380 4
98 1337 190 1376 dum
219 1348 314 1376 esse.
337 1337 470 1388 Itaque
498 1336 645 1386 legatos
673 1335 789 1375 alium
817 1336 864 1375 ab
888 1336 961 1375 alio
984 1337 1157 1376 divorsos
1177 1335 1399 1386 adgreditur

98 1404 143 1431 ac
172 1391 355 1443 paulatim
381 1392 623 1443 temptando,
639 1396 841 1441 postquam
859 1395 1099 1442 opportunos
1115 1389 1189 1429 sibi
1207 1391 1399 1442 cognovit,

97 1447 217 1487 multa
246 1447 464 1498 pollicendo
492 1447 701 1498 persuadet
729 1447 784 1486 uti
813 1446 1040 1496 Iugurtham
1064 1457 1242 1485 maxume
1264 1447 1398 1491 vivom,

97 1505 155 1542 sin
184 1503 223 1542 id
254 1515 391 1555 parum
425 1502 657 1553 procederet
676 1507 856 1542 necatum
876 1501 948 1541 sibi
972 1502 1193 1541 traderent:
1225 1506 1398 1541 ceterum
1412 1516 1444 1541 25

63 1567 82 1599 5
97 1558 235 1610 palam,
261 1570 359 1609 quae
378 1571 425 1597 ex
446 1558 639 1597 voluntate.
657 1557 784 1596 forent
804 1559 906 1607 regi,
930 1558 1098 1596 nuntiari
1118 1556 1235 1596 iubet.
1255 1556 1400 1596 Deinde

101 1616 183 1665 ipse
211 1615 345 1664 paucis
375 1613 510 1652 diebus
534 1614 680 1652 intento
710 1619 824 1663 atque
853 1613 991 1652 infesto
1015 1614 1186 1652 exercitu
1209 1614 1246 1651 in
1267 1612 1399 1652 Numi-

98 1670 199 1709 diam
228 1669 413 1719 procedit,
440 1669 508 1708 ubi
535 1673 668 1708 contra
692 1667 782 1707 belli
804 1669 939 1707 faciem
961 1669 1114 1719 tuguria
1135 1667 1248 1719 plena
1277 1667 1399 1707 homi-

97 1737 209 1769 num,
239 1736 379 1774 pecora
406 1725 651 1776 cultoresque
672 1725 708 1762 in
734 1725 834 1773 agris
857 1729 985 1763 erant:
1018 1736 1064 1763 ex
1086 1723 1236 1774 oppidis
1260 1727 1297 1761 et
1317 1735 1397 1761 ma-

98 1780 249 1831 palibus
271 1780 457 1831 praesecti
478 1780 581 1830 regis
600 1780 699 1818 obvii
723 1778 997 1830 procedebant,
1021 1780 1144 1830 parati
1161 1778 1398 1818 frumentum
1411 1795 1445 1821 30

98 1836 202 1880 dare,
228 1841 472 1875 conmeatum
490 1840 666 1886 portare,
690 1840 884 1885 postremo
907 1835 1032 1874 omnia
1045 1846 1141 1887 quae
1158 1835 1398 1885 imperaren-

62 1900 82 1931 6
97 1896 159 1930 tur
182 1891 310 1930 facere
354 1891 490 1942 Neque
517 1890 692 1930 Metellus
714 1891 858 1929 idcirco
883 1891 1029 1935 minus,
1060 1895 1118 1929 set
1137 1891 1281 1941 pariter
1303 1901 1348 1929 ac
1367 1891 1399 1929 si

97 1946 228 1985 hostes
245 1946 433 1991 adessent,
458 1948 604 1985 munito
622 1947 774 1996 agmine
790 1946 982 1990 incedere,
1001 1945 1075 1984 late
1095 1945 1298 1996 explorare
1317 1957 1397 1984 om-

99 2003 171 2045 nia,
205 2001 266 2040 illa
291 2002 494 2041 deditionis
514 2002 621 2052 signa
644 2003 809 2041 ostentui
839 2002 998 2041 credere
1030 2006 1067 2040 et
1096 2000 1241 2040 insidiis
1269 1999 1397 2040 locum

63 2058 288 2108 7temptari.
337 2057 470 2109 ltaque
492 2059 572 2108 ipse
603 2069 690 2096 cum
712 2057 898 2107 expeditis
924 2056 1159 2100 cohortibus,
1192 2057 1281 2095 item
1311 2056 1440 2096 sun-ss

98 2113 265 2152 ditorum
294 2117 332 2152 et
361 2115 646 2162 sagittariorum
678 2112 823 2151 delecta
855 2125 970 2152 manu
999 2112 1098 2163 apud
1127 2112 1272 2162 primos
1300 2116 1392 2153 erat.

99 2170 136 2207 in
166 2172 362 2219 postremo
394 2169 437 2207 G.
471 2168 612 2207 Marius
641 2167 790 2217 legatus
820 2180 907 2207 cum
935 2167 1125 2219 equitibus
1156 2166 1327 2211 curabat,
1358 2167 1395 2206 in

97 2227 306 2274 utrumque
347 2223 445 2262 latus
484 2223 702 2262 auxiliarios
741 2225 887 2274 equites
925 2223 1090 2262 tribunis
1127 2221 1321 2272 legionum
1361 2226 1398 2260 et
