1537 2512
132 70 185 108 40
391 80 448 106 DE
478 79 614 106 nmmo
647 78 914 106 wervn'rnmo
947 77 981 104 c.
1006 74 1038 106 5.
1064 71 1098 107 6.
1129 70 1148 105 7

131 176 278 217 nabalis
304 177 454 222 fratris,
486 189 602 228 quem
625 176 843 221 Masinissa,
873 176 978 228 quod
1008 181 1115 214 ortus
1143 187 1189 214 ex
1219 174 1430 214 concubina

134 238 234 278 erat,
266 233 456 283 privatum
487 231 756 283 dereliquerat,
780 232 916 271 eodem
947 230 1052 270 cultu
1077 242 1153 281 quo
1172 229 1316 269 liberos
1345 241 1431 269 suos

135 288 238 326 domi
267 287 413 326 habuit.

94 341 118 380 6
249 343 321 389 Qui
336 342 404 382 ubi
418 344 588 394 primum
602 341 782 386 adolevit,
804 341 954 392 pollens
973 341 1138 385 viribus,
1161 341 1302 380 decora
1324 339 1429 384 facie,

132 404 190 437 set
213 397 334 436 multo
361 410 541 437 maxume
569 398 722 447 ingenio
748 397 913 442 validus,
944 408 1024 435 non
1049 408 1090 435 se
1112 395 1206 435 luxu
1227 408 1351 447 neque
1373 395 1459 437 in-⁵

133 455 251 492 ertiae
273 453 610 504 conrumpendum
638 452 760 497 dedit,
790 457 865 496 set,
897 453 952 491 uti
982 463 1066 490 mos
1093 452 1217 501 gentis
1235 451 1331 490 illius
1360 455 1429 495 est,

132 510 304 559 equitare
319 508 488 557 iaculari,
496 520 612 547 cursu
627 519 715 546 cum
731 507 955 559 aequalibus
971 512 1135 552 certare,
1154 511 1191 546 et
1207 519 1294 546 cum
1310 506 1432 544 omnis

131 564 254 614 gloria
275 565 450 608 anteiret,
473 563 652 602 omnibus
675 566 804 602 tamen
825 574 939 602 carus
961 574 1061 602 esse:
1084 563 1131 601 ad
1157 562 1232 601 hoc
1250 561 1433 613 pleraque

137 625 311 670 tempora
331 621 371 658 in
394 619 569 658 venando
595 629 723 668 agere,
743 618 894 657 leonem
918 622 1032 669 atque
1053 617 1144 657 alias
1165 617 1268 657 seras
1284 618 1434 667 primus
1536 654 1537 657 ,

133 680 198 714 aut
227 677 265 713 in
294 675 429 725 primis
459 674 597 714 ferire:
629 673 854 725 plurumum
875 673 1016 718 facere,
1044 674 1259 713 minumum
1279 673 1361 724 ipse
1385 671 1434 711 de
1447 688 1478 715 1⁰

100 737 174 769 2se
204 730 322 782 loqui.
364 729 512 776 Quibus
528 729 647 768 rebus
666 729 821 780 Micipsa
846 729 997 768 tametsi
1021 730 1126 768 initio
1157 728 1276 768 laetus
1306 727 1434 766 suerat
1536 730 1537 733 ’

134 787 370 825 existumans
389 786 571 824 virtutem
585 785 798 834 Iugurthae
814 795 937 834 regno
968 796 1038 823 suo
1068 783 1214 834 gloriae
1242 783 1344 827 fore,
1374 787 1431 821 ta-

133 853 222 880 men
250 845 455 891 postquam
474 840 672 879 hominem
699 840 985 879 adulescentem
1009 845 1141 879 exacta
1161 851 1227 879 sua
1252 843 1375 878 aetate
1396 843 1434 877 et

132 897 261 948 parvis
287 895 420 935 liberis
439 897 560 946 magis
586 897 785 947 magisque
808 907 985 935 crescere
1010 894 1203 945 intellegit,
1226 894 1432 934 vehemen-

131 957 190 991 ter
223 963 268 990 eo
301 952 457 1001 negotio
488 956 688 1002 permotus
716 951 835 990 multa
864 963 952 990 cum
983 952 1111 990 animo
1147 962 1214 989 suo
1245 949 1433 989 volvebat.
1449 965 1481 992 ιε,

97 1015 116 1046 3
135 1006 325 1046 Terrebat
350 1019 437 1045 eum
466 1014 602 1046 natura
641 1007 861 1046 mortalium
890 1007 998 1045 avida
1014 1007 1152 1057 imperi
1181 1011 1218 1045 et
1246 1016 1437 1056 praeceps

133 1063 181 1101 ad
201 1061 429 1113 explendam
451 1063 567 1101 animi
593 1062 831 1112 cupidinem,
856 1063 1437 1115 praetereaopportunitassuae

130 1118 424 1169 liberorumque
442 1119 586 1163 aetatis,
602 1130 701 1169 quae
717 1119 830 1158 etiam
846 1118 1052 1157 mediocris
1069 1120 1170 1156 viros
1186 1128 1253 1169 spe
1268 1117 1437 1168 praedae

132 1179 377 1212 transvorsos
408 1175 502 1224 agit,
537 1174 583 1212 ad
610 1173 687 1212 hoc
711 1174 833 1212 studia
864 1173 1119 1212 Numidarum
1139 1174 1178 1211 in
1207 1172 1437 1223 Iugurtham

133 1229 317 1277 adcensa,
354 1241 400 1267 ex
422 1229 583 1280 quibus,
615 1229 645 1267 si
670 1228 785 1267 talem
813 1230 937 1268 virum
968 1229 1063 1267 dolis
1083 1227 1356 1273 interfecisset,
1388 1239 1482 1266 nem

90 1285 112 1321 ’ἵ
136 1297 209 1335 qua
241 1284 376 1323 seditio
407 1290 473 1323 aut
499 1284 645 1324 bellum
676 1286 845 1323 oriretur
875 1285 1010 1323 auxius
1036 1289 1128 1322 erat.
1187 1283 1252 1322 Eis
1275 1283 1439 1323 difficul-

133 1340 277 1379 tatibus
299 1340 586 1379 circumventus
605 1339 672 1379 ubi
695 1340 796 1378 videt
816 1352 941 1391 neque
963 1352 1032 1390 per
1053 1340 1127 1378 vim
1148 1351 1275 1389 neque
1295 1339 1440 1378 insidiis

134 1394 300 1445 obprimi
328 1407 443 1446 posse
472 1395 670 1434 hominem
699 1401 776 1434 tam
807 1400 1009 1445 acceptum
1039 1393 1303 1445 popularibus,
1337 1394 1440 1445 quod

133 1455 217 1490 erat
242 1450 428 1500 Iugurtha
451 1463 568 1490 manu
589 1456 793 1502 promptus
816 1456 853 1490 et
873 1451 1057 1501 adpetens
1081 1449 1226 1500 gloriae
1251 1450 1437 1494 militaris,

132 1506 263 1545 statuit
287 1518 375 1544 eum
406 1506 600 1545 obiectare
629 1506 810 1556 periculis
842 1512 878 1545 et
900 1518 944 1545 eo
976 1505 1088 1544 modo
1121 1505 1317 1545 fortunam
1343 1510 1485 1545 tem-22>

133 1568 253 1613 ptare.

97 1629 116 1657 2
243 1616 364 1665 Igitur
394 1615 496 1655 bello
526 1616 761 1655 Numantino
783 1617 938 1666 Micipsa
969 1629 1057 1656 cum
1091 1617 1234 1668 populo
1263 1616 1439 1656 Romano

134 1673 306 1723 equitum
336 1676 449 1721 atquc
472 1672 644 1721 peditum
666 1672 802 1711 auxilia
824 1673 1013 1715 mitteret,
1045 1685 1206 1723 sperans
1231 1672 1290 1712 vel
1311 1678 1438 1711 osten·

133 1727 248 1766 tando
278 1727 457 1765 virtutem
482 1727 540 1766 vel
569 1727 736 1766 hostium
765 1729 917 1766 saevitia
947 1728 1056 1766 facile
1078 1741 1166 1767 eum
1194 1739 1437 1768 occasurum.

97 1785 117 1817 3
133 1782 320 1833 praefecit
342 1781 529 1833 Numidis,
545 1796 641 1835 quos
669 1785 708 1822 in
729 1783 950 1833 Hispaniam
981 1783 1166 1823 mittebat.
1221 1784 1287 1823 Set
1309 1795 1352 1822 ea
1376 1794 1486 1822 resa·

97 1846 116 1875 4
132 1838 247 1887 longe
269 1837 379 1876 aliter
409 1850 454 1876 ac
479 1844 586 1878 ratus
612 1843 695 1878 erat
722 1840 857 1878 evenit.
916 1839 1012 1878 Nam
1043 1839 1253 1889 Iugurtha,
1286 1843 1329 1878 ut
1358 1843 1442 1878 erat

134 1895 286 1943 inpigro
319 1898 434 1944 atque
465 1896 545 1933 acri
575 1895 748 1944 ingenio,
780 1894 846 1933 ubi
876 1899 1053 1933 naturam
1076 1896 1116 1933 P.
1145 1895 1345 1946 ScipioniS‚
1375 1894 1440 1945 qui

134 1955 214 1987 tum
243 1948 427 1987 Romanis
447 1952 659 2001 imperator
682 1955 783 1995 erat,
813 1955 850 1989 et
877 1962 1026 1989 morem
1052 1950 1219 1989 hostium
1249 1950 1437 2000 cognovit,

133 2003 254 2042 multo
280 2003 415 2043 labore
445 2005 639 2056 multaque
671 2018 783 2051 cura,
815 2011 1016 2056 praetcrea
1048 2005 1342 2045 modestissume
1371 2015 1438 2055 pa-

134 2059 258 2098 rendo
289 2064 326 2097 ct
349 2072 464 2111 saepe
486 2061 635 2100 obviam
661 2062 787 2100 eundo
810 2061 990 2111 periculis
1020 2062 1056 2099 in
1078 2066 1220 2099 tantam
1243 2060 1483 2099 claritudi-as

135 2127 222 2153 nem
251 2114 359 2153 brevi
391 2123 639 2165 pervenerat,
679 2122 721 2155 ut
750 2118 890 2155 nostris
920 2117 1168 2155 vchcmenter
1197 2127 1330 2159 carus,
1358 2114 1437 2154 Nn-

103 2171 317 2210 smantinis
347 2183 528 2210 maxumo
559 2174 699 2210 terrori
730 2178 840 2211 essct.
901 2174 954 2211 Ac
980 2184 1083 2211 sanc.
1116 2172 1218 2222 quod
1249 2170 1437 2210 difficillu-

137 2237 242 2264 mum
261 2227 296 2263 in
319 2227 453 2275 primis
473 2232 540 2272 est,
574 2233 607 2265 ct
631 2228 778 2277 proelio
801 2233 982 2266 strenuus
1012 2233 1090 2266 erat
1125 2232 1161 2264 vt
1189 2226 1315 2266 bonus
1346 2238 1437 2265 con·

1517 467 1537 547 i
