1537 2512
422 80 475 105 m.
504 78 722 106 msa-onus
754 78 1002 107 EXOERPTAE
1294 66 1366 106 121

73 177 206 227 precio
223 177 261 215 in
279 176 359 216 dies
382 175 527 216 bellum
556 176 772 227 prolatam,
800 177 1002 216 Cretenses
1023 178 1223 228 inpugnati
1252 176 1373 217 semel

73 232 148 270 iam
175 243 301 283 neque
329 232 446 271 linem
474 232 546 271 nisi
567 233 714 271 excidio
744 231 924 271 habituri.
955 231 1142 282 Equidem
1174 245 1262 272 cum
1280 233 1372 272 mihi
1398 242 1439 276 13

74 286 122 326 ob
150 287 322 338 ipsorum
343 288 492 326 iuterna
516 287 614 326 mala
638 287 751 326 dilata
773 286 919 338 proelia
945 289 1066 337 magis
1091 299 1205 339 quam
1234 300 1371 338 pacem

73 341 201 382 datam
224 341 509 393 intellegerem,
542 342 735 382 abnuente
756 343 934 393 Tigrane,
961 344 1025 394 qui
1053 355 1139 382 mea
1160 343 1260 382 dicta
1281 355 1370 382 sero

36 407 52 432 5
71 397 229 448 probat,
261 403 299 437 te
324 403 474 437 remoto
499 397 654 448 procul,
689 398 868 437 omnibus
897 397 978 436 aliis
1008 398 1203 444 obnoxiis,
1233 409 1370 438 rursus

70 457 198 492 tamen
215 451 361 493 bellum
383 456 494 506 coepi
510 454 759 505 Marcumque
783 454 943 498 Cottam,
974 453 1192 493 Romanum
1218 454 1368 498 ducem,

70 507 172 558 apud
195 507 438 548 Chalcedona
463 514 566 548 terra
589 509 691 554 sudi,
726 510 822 548 mari
844 510 930 548 exui
958 508 1078 549 classe
1106 509 1366 559 pulcerruma.

69 563 180 614 Apud
219 562 395 615 Cyzicum
434 575 574 614 magno
613 577 700 604 cum
735 565 905 603 exercitu
941 564 979 602 iu
1018 565 1165 603 obsidio
1205 564 1371 603 moranti
1397 568 1436 601 14

70 618 306 658 frumentum
345 619 463 658 defuit
496 619 600 659 nullo
643 621 789 659 circum
833 620 1047 658 adnitente:
1093 619 1206 659 simul
1247 620 1370 659 hiems

24 689 56 716 ιο
69 675 166 713 mari
205 674 447 724 prohibebat.
505 675 559 714 lta
588 676 670 714 sine
698 676 732 713 vi
761 675 928 714 hostium
958 675 1111 726 regredi
1141 680 1300 714 conatus
1331 676 1369 714 in

68 730 236 780 patrium
273 740 438 780 regnum
466 730 675 780 naufragiis
714 730 814 781 apud
849 730 1003 769 Parium
1042 735 1078 769 et
1107 731 1220 780 apud
1247 730 1368 769 Hera·

69 783 190 824 cleam
225 784 388 824 militum
431 790 610 836 optumos
648 797 734 824 cum
773 785 957 824 elassibus
996 786 1115 824 amisi.
1176 785 1365 824 Restituto
1393 793 1432 827 15

68 839 207 879 deinde
237 840 338 891 apud
379 840 565 880 Caberam
604 841 773 880 exercitu
811 847 848 879 et
880 841 993 879 variis
1030 841 1129 879 inter
1163 853 1224 879 me
1255 844 1368 890 atque

67 894 270 935 Lucullum
298 895 456 946 proeliis
482 897 609 946 inopia
639 908 775 935 rursus
803 895 937 934 ambos
966 896 1133 935 incessit.
1168 895 1225 934 Illi
1254 895 1368 934 sube-

23 967 53 993 ιε
67 957 127 989 rat
146 961 311 1000 regnum
334 950 604 990 Ariobarzanis
630 951 731 990 bello
753 952 958 989 intactum:
989 963 1059 1001 ego
1085 951 1198 990 vastis
1221 951 1368 989 circum

69 1006 246 1045 omnibus
281 1005 375 1046 locis
405 1008 443 1045 in
471 1007 691 1046 Armeniam
724 1007 917 1045 concessi:
955 1007 1152 1056 secutique
1183 1006 1365 1050 Romani,

65 1072 144 1100 non
164 1073 226 1101 me
245 1067 301 1101 set
331 1074 479 1100 morem
506 1074 618 1101 suum
660 1062 787 1100 omnia
831 1072 951 1111 regna
980 1061 1252 1106 subvortundi‚
1279 1061 1367 1110 quia

66 1116 349 1156 multitudinem
387 1118 479 1156 artis
509 1116 603 1156 locis
635 1128 763 1167 pugna
792 1116 1048 1167 prohibuere,
1078 1116 1365 1167 inprudentiam

66 1172 242 1222 Tigranis
269 1184 340 1223 pro
370 1173 526 1212 victoria
555 1177 758 1211 ostentant.

21 1243 52 1268 20
177 1228 288 1267 Nunc
304 1240 446 1278 quaeso
465 1228 685 1271 considera,
718 1227 829 1266 nobis
852 1226 1046 1277 obpressis
1071 1232 1200 1266 utrum
1221 1227 1364 1265 firmio·
1390 1234 1433 1270 16

65 1295 148 1323 rem
190 1288 228 1322 te
262 1283 310 1322 ad
347 1282 608 1322 resistundum
647 1295 694 1322 an
731 1282 845 1322 finem
890 1281 980 1321 belli
1018 1283 1190 1321 futurum
1230 1281 1367 1332 putes?

65 1338 151 1379 Scio
177 1339 355 1390 equidem
383 1339 451 1378 tibi
473 1349 631 1388 magnas
659 1350 752 1389 opes
780 1339 970 1382 virorum,
1004 1349 1203 1376 armorum
1231 1336 1367 1376 etauri

64 1405 167 1434 esse:
200 1399 238 1434 et
263 1406 307 1433 ea
331 1406 375 1433 re
406 1406 426 1433 a
458 1393 569 1432 nobis
600 1394 647 1432 ad
673 1394 906 1437 societatem,
940 1392 987 1431 ab
1008 1392 1080 1430 illis
1108 1393 1155 1431 ad
1182 1391 1366 1442 praedam

62 1451 218 1500 peteris.
281 1448 459 1488 Ceterum
494 1449 695 1488 consilium
727 1454 800 1493 est,
835 1448 1014 1497 Tigranis
1045 1458 1167 1497 regno
1204 1448 1365 1496 integro,

17 1519 49 1546 25
63 1505 159 1544 meis
185 1503 369 1544 militibus
396 1504 485 1544 belli
512 1504 787 1554 prudentibus,
824 1502 960 1554 procul
999 1502 1046 1542 ab
1083 1503 1197 1542 domo
1229 1501 1366 1554 [parvo

62 1559 215 1613 labore]
247 1572 316 1610 per
352 1565 482 1599 nostra
513 1572 677 1611 corpora
706 1558 850 1598 bellum
881 1558 1093 1604 conficere,
1134 1570 1210 1609 quo
1242 1569 1367 1608 neque

63 1617 214 1656 vincere
234 1627 359 1667 neque
377 1616 475 1654 vinci
493 1616 575 1654 sine
593 1620 658 1654 tuo
675 1613 847 1665 periculo
878 1625 1096 1663 possumus.
1130 1614 1188 1651 An
1207 1613 1362 1662 ignoras
1388 1614 1429 1647 17

61 1670 270 1717 Romanos,
291 1675 495 1721 postquam
517 1671 562 1709 ad
582 1670 819 1709 occidentem
835 1668 1088 1720 pergentibus
1108 1669 1222 1707 finem
1247 1667 1366 1706 Ocea-

62 1738 136 1765 nus
165 1726 274 1772 fecit,
303 1738 408 1765 arma
437 1726 513 1765 huc
537 1725 798 1765 com-ortisse?
828 1735 954 1774 neque
979 1725 1185 1774 quicquam
1215 1734 1235 1761 a
1261 1723 1366 1773 priu-

10 1784 159 1835 socipio
204 1783 279 1822 nisi
323 1785 363 1822 vi
403 1787 555 1833 partum
599 1782 768 1827 habere,
815 1781 972 1820 domum
1010 1781 1214 1829 coniuges,
1249 1786 1367 1828 agros

53 1839 287 1890 imperium?
335 1850 527 1877 convenas
566 1837 657 1877 olim
696 1839 780 1876 sine
818 1837 943 1886 patria
981 1834 1226 1884 parentibus,
1262 1832 1366 1883 pesti

63 1897 236 1937 conditos
275 1894 379 1934 orbis
407 1899 621 1933 terrarum:
664 1892 802 1943 quibus
832 1903 908 1929 non
939 1890 1105 1929 humana
1128 1887 1207 1927 ulla
1237 1898 1364 1937 neque

63 1952 188 1992 divina
219 1951 392 1995 obstant,
433 1950 525 2000 quin
569 1950 694 1988 socios
735 1948 896 1991 amicos,
942 1943 1080 1996 procul
1121 1944 1224 1982 iuxta
1258 1943 1363 1987 sitos,

61 2009 197 2059 inopes
226 2006 470 2057 potentisque
502 2004 655 2042 trahant
680 2002 894 2046 excindaut,
928 2001 1132 2050 omniaque
1153 2009 1231 2036 non
1253 2008 1363 2036 serva

16 2075 48 2101 35
62 2069 100 2103 et
137 2073 316 2101 maxume
355 2071 475 2109 regna
512 2059 661 2098 hostilia
691 2057 856 2097 ducant?
895 2056 1069 2105 Namque
1103 2054 1216 2104 pauci
1248 2051 1364 2091 liber·
1391 2055 1432 2089 18

62 2123 198 2164 tatem,
236 2128 327 2168 pars
358 2127 496 2165 magna
535 2116 655 2153 iustos
691 2113 866 2152 dominos
901 2110 1051 2149 volunt:
1096 2121 1166 2148 nos
1198 2107 1366 2157 suspecti

62 2185 195 2213 sumus
224 2170 364 2212 aemuli
393 2175 430 2210 et
458 2171 496 2208 in
526 2175 701 2220 tempore
729 2168 898 2207 vindices
929 2165 1111 2205 adfuturi.
1169 2163 1227 2202 Tu
1258 2174 1364 2207 vero,
1392 2166 1433 2199 19

63 2230 124 2268 cui
155 2227 358 2272 Seleucea,
390 2237 568 2265 maxuma
586 2225 763 2270 urbium,
792 2233 1034 2273 regnumque
1059 2219 1227 2259 Persidis
1243 2217 1364 2256 inclu-
