1537 2512
127 107 174 144 16
279 118 333 143 nu
365 116 591 142 CA‘riLm‘An
624 114 941 142 comvnA‘ronffl
975 115 1010 141 c.
1042 111 1097 143 31.
1129 109 1186 144 32.
1217 108 1274 143 33.

121 215 201 254 lum
223 214 400 257 tendere,
433 214 606 253 miserari
628 224 765 263 parvos
793 212 957 256 liberos,
991 213 1178 262 rogitare,
1207 224 1332 251 omma
1355 224 1420 263 pa-

123 282 223 313 vere,
247 269 427 319 superbia
448 274 561 319 atque
577 269 721 307 deliciis
737 269 887 306 omissis
903 266 975 306 sibi
992 268 1214 318 patriaeque
1231 268 1419 307 diffidere.

89 331 107 361 4
234 326 280 363 At
306 323 486 362 Catilinae
513 323 678 363 crudelis
710 324 859 361 animus
890 323 1023 362 eadem
1054 322 1116 360 illa
1147 322 1336 367 movebat,
1366 327 1420 361 ta—

122 382 232 419 metsi
251 380 439 429 praesidia
459 379 692 428 parabantur
728 383 766 417 et
787 379 867 427 ipse
888 377 973 427 lege
995 377 1140 416 Plautia
1161 379 1421 427 interrogatus

87 441 107 473 5
123 440 205 474 erat
225 435 271 474 ab
298 435 337 473 L.
360 434 489 472 Paule.
522 434 720 472 Postremo
747 432 1007 471 dissimulandi
1039 444 1154 472 causa
1189 432 1247 472 vel
1270 434 1329 472 sui
1356 445 1449 473 (ΞΣ-5

122 490 328 540 purgandi,
357 489 480 528 sicubi
499 489 625 539 iurgio
646 487 849 527 lacessitus
874 488 992 532 foret,
1032 488 1070 526 in
1098 492 1273 526 senatum
1306 489 1418 527 venit.

88 545 221 586 eTum
242 545 290 583 M.
321 544 469 582 Tullius
501 543 654 588 consul,
686 544 763 581 sive
783 544 1041 592 praesentiam
1063 544 1144 581 eius
1175 544 1314 581 timens
1342 543 1422 582 sive

124 601 180 638 ira
201 603 423 643 comnotus,
446 599 660 637 orationem
676 598 809 636 habuit
829 597 1064 636 luculentam
1081 602 1195 648 atque
1211 597 1342 637 utilem
1364 598 1422 637 rei

88 661 108 693 7
121 655 321 705 publicae,
345 666 459 704 quam
484 659 616 704 postea
636 654 818 702 scriptam
840 653 966 692 edidit.
1009 653 1074 692 Set
1094 652 1160 691 ubi
1176 652 1237 691 ille
1260 653 1419 697 adsedit,

123 710 299 754 Catilina,
332 714 374 748 ut
399 713 484 748 erat
514 714 670 758 paratus
701 709 747 746 ad
777 707 1048 746 dissimulanda
1081 709 1226 752 omnia,
1253 708 1419 747 demisso
1433 717 1466 743 io

122 765 225 804 voltu
251 776 343 803 voce
373 764 535 814 subplici
556 763 750 814 postulare
770 775 790 802 a
812 763 985 813 patribus
1006 764 1150 813 coepit,
1183 775 1231 802 ne
1261 763 1352 814 quid
1374 763 1422 802 de

121 832 163 859 se
186 825 331 859 temere
353 819 575 858 crederent:
598 831 641 858 ea
659 818 798 857 familia
819 823 967 862 ortum,
992 820 1043 857 ita
1064 830 1104 857 se
1126 818 1173 857 ab
1196 818 1421 857 adulescen-

122 876 171 914 tia
193 876 305 913 vitam
327 875 553 919 instituisse,
581 879 622 913 ut
645 874 769 912 omnia
792 874 893 912 bona
911 874 949 912 in
973 885 1041 923 spe
1066 873 1248 913 haberet:
1273 885 1321 912 ne
1342 874 1420 912 exi-

121 935 347 972 stumarent,
366 929 450 974 sibi,
473 931 634 980 patricio
652 929 809 973 homini,
835 929 942 967 cuius
956 929 1075 978 ipsius
1095 933 1211 980 atque
1227 929 1420 968 maiorum
1504 976 1507 977 ⁷

121 985 301 1035 pluruma
327 985 501 1023 benificia
519 986 557 1023 in
578 984 764 1035 populum
785 985 1001 1023 Romanuin
1023 989 1170 1029 essent,
1204 984 1354 1034 perdita
1376 996 1419 1023 re
1433 995 1464 1021 15

120 1040 275 1090 publica
291 1052 387 1090 opus
409 1052 512 1085 esse,
539 1052 627 1079 cum
649 1051 734 1078 eam
756 1043 929 1078 servaret
947 1039 995 1077 M.
1019 1038 1187 1084 Tullius,
1211 1039 1421 1090 inquilinus

85 1097 215 1134 Seivis
245 1095 354 1133 urbis
376 1095 530 1133 Romae.
592 1094 646 1132 Ad
678 1093 749 1131 boc
772 1093 871 1132 male
893 1094 992 1131 dicta
1025 1093 1097 1131 alia
1127 1106 1216 1132 eum
1249 1094 1420 1139 adderet,

84 1156 106 1189 9
122 1147 349 1199 obstrepere
366 1160 509 1192 omnes
528 1148 676 1187 hostem
697 1152 810 1199 atque
827 1148 1036 1198 paricidam
1058 1161 1208 1188 vocare.
1241 1149 1340 1188 Tum
1360 1149 1423 1189 ille

121 1203 353 1242 furibundus
376 1204 568 1254 ‘quoniam
585 1203 739 1254 quidem
761 1203 1056 1242 circumventus·
1073 1205 1196 1254 inquit
1213 1204 1272 1243 ‘ab
1298 1206 1421 1244 inimi-

120 1270 174 1297 cls
195 1270 381 1309 praeceps
402 1270 514 1308 agor,
540 1259 759 1297 incendium
782 1271 910 1297 meum
932 1260 1042 1298 ruina
1067 1259 1326 1310 restinguam’.
1434 1273 1468 1300 2)
1499 1287 1518 1295 ν,

54 1310 106 1350 32
232 1314 376 1353 Deinde
404 1326 445 1352 se
472 1326 517 1352 ex
548 1315 653 1352 curia
677 1313 834 1353 domum
865 1315 1064 1364 proripuit.
1120 1314 1176 1353 Ibi
1200 1315 1318 1355 multa
1340 1316 1422 1366 ipse

118 1381 251 1408 secum
275 1368 446 1413 volvens,
480 1369 582 1419 quod
606 1381 732 1419 neque
756 1370 914 1407 insidiae
943 1369 1091 1408 consuli
1117 1368 1202 1391 ***
1233 1371 1420 1420 procede-

118 1424 211 1462 bant
232 1428 270 1463 et
290 1424 337 1463 ab
360 1424 534 1463 incendio
554 1423 799 1473 intellegebat
819 1424 956 1463 urbem
979 1424 1111 1474 vigiliis
1132 1427 1328 1470 munitam,
1352 1437 1420 1477 op-

117 1483 268 1518 tumum
294 1479 396 1518 factu
425 1479 588 1518 eredens
618 1480 829 1518 exercitum
859 1485 1002 1530 augere
1032 1492 1076 1519 ac
1106 1482 1212 1531 prius
1229 1493 1345 1532 quam
1365 1481 1419 1521 le-

113 1535 252 1584 giones
269 1533 544 1579 scriberentur,
563 1533 684 1572 multa
701 1539 932 1584 antecapere
944 1546 1042 1583 quae
1061 1535 1162 1573 bello
1179 1538 1264 1574 usui
1282 1537 1422 1581 forent,
1441 1550 1474 1575 2⁵

112 1593 227 1626 nocte
244 1588 475 1639 intempesta
492 1602 577 1628 cum
594 1590 728 1640 pauciS
743 1589 986 1629 inManliana
1003 1595 1127 1629 castra
1142 1592 1342 1641 profectus
1354 1599 1424 1631 est.

80 1651 100 1682 2
116 1643 182 1682 Set
199 1643 368 1693 Cethego
397 1649 513 1694 atque
537 1645 698 1684 Lentulo
732 1646 972 1694 ceterisque,
1000 1658 1166 1695 qnorum
1189 1652 1428 1696 cognoverat

121 1706 337 1751 promptam
369 1701 586 1745 audaciam,
617 1701 789 1744 mandat,
823 1702 961 1751 quibus
987 1702 1104 1741 rebus
1130 1703 1294 1753 possint,
1327 1714 1420 1754 opes

121 1757 294 1795 factionis
321 1757 560 1800 confirment,
593 1757 746 1794 insidias
769 1756 915 1795 consuli
946 1762 1147 1801 maturent,
1181 1758 1338 1797 caedem
1363 1760 1419 1797 in-

120 1813 254 1850 cendia
285 1812 432 1862 aliaque
461 1811 549 1850 belli
576 1813 742 1850 facinora
775 1817 929 1861 parent:
959 1824 1044 1851 sese
1073 1814 1298 1863 propediem
1330 1824 1465 1853 cuman
1504 1822 1508 1825 ’

118 1879 257 1918 magno
288 1868 461 1906 exercitu
492 1867 537 1905 ad
567 1866 704 1906 urbem
734 1867 994 1906 adressurum.

52 1925 101 1965 33
231 1923 325 1961 Dum
347 1923 442 1961 haec
463 1922 605 1961 Romae
627 1928 832 1971 geruntur,
857 1923 899 1961 G.
917 1923 1077 1961 Manlius
1100 1936 1144 1962 ex
1163 1935 1232 1963 suo
1255 1937 1417 1964 numero

117 1977 261 2027 legatus
291 1978 336 2016 ad
371 1978 556 2017 Marcium
583 1978 726 2028 Regem
762 1978 873 2015 mittit
909 1990 997 2017 cum
1030 1978 1218 2017 mandatis
1257 1980 1417 2020 huiusce

82 2043 101 2072 ‘2
117 2033 239 2071 modi:
263 2033 376 2071 ‘Deos
399 2033 648 2083 honuni-sque
675 2038 878 2077 testamur,
901 2035 1124 2085 imperator,
1139 2046 1208 2072 nos
1223 2047 1330 2079 arma
1351 2047 1416 2075 ne·

117 2100 192 2137 que
225 2094 357 2126 contra
386 2089 547 2138 patriani
571 2089 716 2138 cepisse
770 2099 894 2138 neque
922 2101 998 2138 quo
1021 2088 1234 2139 periculum
1259 2091 1341 2129 aliis
1363 2090 1462 2130 [ιι-ω

118 2155 312 2186 cet-entus,
343 2149 402 2183 set
423 2144 475 2182 uti
496 2155 658 2193 corpora
681 2149 809 2181 nostra
836 2143 882 2182 ab
909 2145 1043 2182 iniuria
1067 2149 1144 2182 tuta
1175 2144 1313 2190 forent,
1336 2147 1414 2196 qui.

116 2198 244 2237 miseri
267 2205 442 2248 egentes,
468 2198 640 2237 violentia
667 2204 779 2248 atque
806 2199 1030 2239 crudelitate
1053 2199 1313 2240 feneratorum
1336 2200 1415 2251 ple-

117 2253 465 2305 1·i‹pn·patriae,set
488 2266 621 2293 onmes
638 2255 734 2292 sanna
753 2260 865 2304 atque
884 2254 1045 2293 fortunis
1062 2260 1238 2305 expertes
1259 2267 1413 2297 sumus:
