1512 2512
341 409 468 462 GAl
507 408 846 460 SALLVSTI
888 409 1117 461 CRISPI

655 542 799 574 LIBER

185 659 278 715 DE
317 658 690 714 CATILINAE
727 657 1273 715 CONIVRATIONE.

190 896 338 952 Omnis
369 905 562 950 homines,
603 918 666 955 qui
704 917 787 943 sese
826 905 981 943 student
1018 910 1216 954 praestare
1245 907 1415 948 ceteris!

79 960 328 1006 animalibus,
360 972 509 1000 summa
533 972 605 1010 ope
630 961 697 998 niti
717 960 826 999 decet
840 993 848 1004 ,
880 972 928 998 ne
950 961 1062 999 vitam
1084 960 1233 999 silentio
1254 966 1379 1000 trans-

79 1022 167 1057 eant
198 1016 310 1056 veluti
340 1027 493 1066 pecora,
526 1027 624 1065 quae
654 1021 790 1054 natura
825 1027 947 1065 prona
975 1021 1090 1065 atque
1112 1018 1230 1054 ventri
1262 1017 1377 1056 oboe-

79 1073 221 1112 dientia
251 1072 370 1111 finxit.
431 1071 497 1110 Set
526 1077 656 1109 nostra
688 1071 810 1108 omnis
842 1071 893 1108 ris
924 1071 962 1109 in
992 1071 1118 1108 animo
1150 1077 1187 1110 et
1216 1081 1411 1122 corporezz

0 1164 3 1170 ,
50 1128 150 1167 ssita
181 1132 258 1166 est:
296 1127 411 1166 animi
438 1125 608 1176 imperio5
651 1126 824 1175 corporis
861 1126 1013 1164 servitio
1053 1127 1173 1176 magis
1215 1127 1378 1166 utimur:

78 1182 242 1222 alterum
269 1181 380 1221 nobis
411 1194 497 1220 cum
520 1182 613 1225 deis,
645 1180 808 1219 alterum
831 1192 918 1219 cum
939 1179 1063 1219 beluis
1085 1193 1288 1220 commune
1310 1190 1378 1222 est.

78 1236 163 1283 Quo
184 1237 277 1276 mihi
298 1237 440 1276 rectius
460 1237 608 1275 videtur
624 1237 751 1287 ingeni
775 1247 889 1286 quam
911 1236 1047 1274 virium
1064 1236 1201 1287 opibus
1217 1237 1380 1287 gloriam
1393 1244 1412 1274 3

78 1305 270 1345 quaerere
305 1299 361 1339 et,
406 1293 588 1342 quoniam
624 1293 697 1330 vita
738 1292 818 1342 ipsa
851 1304 923 1341 qua
956 1290 1120 1330 fruimur
1151 1291 1278 1331 brevis
1309 1299 1376 1338 est,

42 1349 306 1396 'memoriam
344 1349 466 1386 nostri
506 1359 620 1398 quam
658 1359 837 1385 maxume
867 1346 1021 1395 longam
1055 1347 1221 1386 efficere.
1281 1348 1412 1388 Nam—1

35 1413 66 1440 ιο
80 1405 297 1444 divitiarum
329 1408 365 1442 et
396 1402 543 1441 formae
573 1402 694 1452 gloria
724 1401 826 1440 ssuxa
857 1407 971 1451 atque
994 1402 1138 1451 fragilis
1161 1409 1235 1447 est,
1262 1404 1379 1442 virtus

0 1464 2 1467 ’
81 1459 185 1499 clara
215 1464 451 1507 aeternaque
481 1457 658 1496 habetur.

192 1514 257 1553 Set
289 1513 353 1552 diu
390 1523 573 1562 magnum
613 1513 712 1551 inter
742 1511 914 1550 mortalis
943 1516 1138 1550 certamen
1170 1512 1258 1556 suit,
1295 1515 1414 1553 vine5

81 1570 257 1620 corporis
287 1579 335 1607 an
363 1569 502 1607 virtute
532 1569 647 1607 animi
689 1579 751 1606 res
782 1566 954 1605 militaris
986 1568 1107 1616 magis
1135 1568 1378 1617 procederet.

81 1625 178 1665 Nam
216 1629 252 1663 et
287 1624 395 1674 prius
423 1636 537 1674 quam
569 1624 727 1673 incipias
758 1621 944 1665 consulto,
978 1628 1014 1661 et
1045 1622 1109 1660 ubi
1139 1623 1380 1662 consulueris
1394 1627 1414 1657 ϋ

39 1691 70 1717 1⁵
83 1686 234 1720 mature
264 1679 364 1717 sacto
396 1690 492 1729 opus
523 1685 590 1718 est.
642 1678 696 1716 Ita
723 1684 930 1727 utrumque
958 1689 1026 1727 per
1052 1689 1093 1716 se
1124 1678 1299 1728 indigens
1327 1678 1412 1717 til-7

82 1743 211 1776 terum
240 1734 396 1773 alterius
425 1734 565 1773 auxilio
598 1739 695 1784 eget.
736 1734 856 1782 Igitur
879 1733 984 1770 initio
1014 1743 1127 1782 reges
1152 1756 1197 1761 —
1227 1745 1316 1772 nam
1342 1735 1380 1773 in
1399 1736 1422 1773 2

81 1791 195 1831 teri-is
221 1801 363 1828 nomeu
384 1791 522 1840 imperi
545 1790 581 1828 id
608 1790 775 1840 primum
808 1788 877 1826 fuit
910 1810 955 1815 ——
990 1788 1130 1826 divorsi
1161 1799 1251 1837 pars
1277 1789 1379 1838 inge-

81 1847 208 1894 nium,
231 1845 293 1884 alii
313 1856 455 1894 eorpus
477 1844 729 1884 exercebant:
763 1845 958 1882 etiamtum
985 1844 1056 1881 rita
1079 1842 1279 1881 hominum
1300 1845 1382 1883 sine

83 1901 290 1952 cupiditate
321 1899 557 1948 agitabatur,
588 1912 656 1939 sua
686 1900 824 1949 cuique
855 1899 944 1935 satis
975 1897 1189 1947 placebant.
1243 1899 1413 1938 Postea2

37 1965 175 1995 wrero
213 1966 327 2006 quam
367 1957 403 1994 in
440 1956 524 1994 Asia
564 1955 703 2006 Cyrus,
741 1955 777 1992 in
814 1953 974 1993 Graecia
1004 1952 1298 1992 Lacedaemonii
1344 1959 1382 1993 et

90 2011 343 2050 Athenienses
372 2022 535 2060 coepere
560 2010 665 2048 urbis
691 2014 803 2059 atque
831 2009 1004 2046 nationes
1025 2007 1220 2058 subigere,
1242 2008 1380 2049 lubidi-

84 2078 174 2105 nem
209 2066 430 2105 dominandi
467 2077 623 2105 causam
666 2064 754 2103 belli
782 2063 938 2107 habere,
972 2075 1190 2102 maxumam
1219 2064 1382 2114 gloriam

85 2122 124 2160 in
146 2122 502 2173 maxumoimperio
518 2126 674 2171 putare,
701 2126 781 2157 tum
803 2119 958 2157 demum
980 2118 1152 2168 periculo
1174 2124 1289 2171 atque
1315 2132 1381 2158 ne-

0 2221 3 2226 ,
86 2177 198 2226 gotiis
230 2183 458 2227 conpertum
486 2181 542 2215 est
571 2177 608 2214 in
639 2174 739 2213 bello
776 2174 998 2224 plurumum
1026 2174 1223 2222 ingenium
1254 2186 1379 2225 posse.

43 2230 199 2277 uQuod
238 2232 270 2270 si
306 2244 443 2281 regum
483 2237 596 2282 atque
615 2231 888 2280 imperatorum
918 2230 1033 2267 animi
1063 2231 1182 2268 virtus
1211 2230 1250 2268 in
1287 2236 1419 2279 paces».

87 2286 138 2325 ita
169 2292 210 2326 ut
239 2287 277 2326 in
302 2287 402 2326 bello
432 2286 591 2330 valeret,
622 2285 858 2336 aequabilius
889 2290 1002 2334 atque
1033 2286 1270 2323 constantius
1299 2295 1382 2323 sese

178 2350 357 2384 siunsr.
1163 2352 1173 2387 l
