1537 2512
89 115 141 154 70
362 128 417 152 m:
442 127 577 153 nmmo
606 127 872 154 tvevssrmxo
903 127 938 154 c.
972 121 1028 156 52.
1052 122 1109 156 53.

21 220 74 261 52
90 224 297 275 pugnando
331 225 510 263 retinere.
571 225 626 263 Eo
660 225 776 264 modo
811 226 912 264 inter
947 236 988 263 se
1018 224 1094 263 duo
1117 224 1383 275 imperatores,

88 279 227 318 summi
244 280 324 323 viri,
345 279 555 324 certabant,
578 281 648 330 ipsi
663 292 788 331 pares,
811 285 985 319 ceterum
1002 279 1139 330 opibus
1154 278 1382 329 disparibus.

57 342 78 372 2
92 335 189 373 Nam
211 333 362 373 Metello
388 335 508 375 virtus
523 335 686 374 militum
708 340 806 380 erat,
828 335 936 374 locus
958 335 1154 380 advorsus,
1176 334 1386 385 Iugurthae

54 396 73 428 3
89 389 160 428 alia
191 390 317 428 omnia
340 394 495 440 praeter
512 390 653 429 milites
669 397 903 441 opportuna.
925 390 1098 441 Denique
1118 390 1293 433 Romani,
1318 389 1386 428 ubi

88 443 315 494 intellegunt
333 457 460 496 neque
475 445 546 484 sibi
562 444 781 495 perfugium
797 457 880 485 esse
895 457 1022 496 neque
1043 445 1090 484 ab
1105 445 1215 484 hoste
1236 446 1385 496 copiam
1398 458 1412 484 5

88 500 284 550 pugnandi
311 500 396 539 fieri
422 523 467 528 —
493 504 531 539 et
558 501 633 538 iam
655 501 715 539 die
735 512 871 551 vesper
898 505 980 540 erat
1003 523 1064 545 —,
1087 500 1251 539 advorso
1274 499 1385 547 colle,

53 555 200 594 4sicuti
230 559 480 605 praeceptum
512 555 649 600 fuerat,
682 556 858 595 evadunt.
916 556 1066 594 Amisso
1091 555 1176 594 loco
1199 554 1387 594 Numidae

90 610 163 650 fusi
187 610 404 661 fugatique:
428 611 541 660 pauci
569 611 762 656 interiere,
785 610 992 662 plerosque
1016 610 1198 649 velocitas
1219 614 1256 649 et
1278 609 1387 658 regio

89 664 264 704 hostibus
290 666 424 716 ignara
445 669 566 704 tutata
595 670 694 704 sunt.

53 727 74 760 5
201 720 352 760 Interea
380 720 593 766 Bomilcar,
625 733 739 772 quem
769 720 979 771 elephantis
1008 725 1046 759 et
1068 721 1168 770 parti
1189 721 1388 770 copiarum
1401 735 1430 761 ιο

89 776 328 826 pedestrium
350 776 589 827 praesectum
606 775 654 815 ab
673 776 859 826 Iugurtha
879 787 996 826 supra
1018 776 1195 820 diximus,
1212 775 1280 814 ubi
1299 787 1388 815 eum

90 831 256 870 Rutilius
276 837 589 883 praetergressus
609 836 678 876 est,
708 831 891 882 paulatim
918 843 1008 870 suos
1038 832 1075 869 in
1103 842 1238 870 aecum
1258 829 1388 870 locum

90 887 247 926 deducit
275 899 340 932 ac,
374 888 465 926 dum
494 887 642 937 legatus
677 887 725 926 ad
753 887 898 926 flumen
931 899 1006 937 quo
1036 887 1270 936 praemissus
1307 890 1389 925 erat

91 942 275 982 festinans
295 943 440 992 pergit,
473 943 636 993 quietus,
663 942 719 982 uti
739 954 804 981 res
825 941 1053 992 postulabat,
1081 943 1203 980 aciem
1228 946 1389 980 exornat

56 1002 218 1048 fineque
247 999 406 1037 remittit
431 997 520 1048 quid
544 996 687 1048 ubique
716 997 835 1036 hostis
858 1002 990 1047 ageret
1019 996 1232 1047 explorare.
1279 996 1434 1037 Post-1⁵

93 1065 208 1104 quam
245 1053 428 1092 Rutilium
472 1053 691 1091 consedisse
721 1053 797 1091 iam
827 1057 864 1091 et
897 1053 1023 1091 animo
1049 1064 1210 1091 vacuom
1242 1053 1390 1103 accepit

92 1108 281 1160 simulque
307 1121 353 1148 ex
379 1108 588 1158 Iugurthae
607 1107 754 1158 proelio
776 1107 985 1147 clamorem
1007 1108 1152 1158 augeri,
1174 1108 1317 1147 veritus
1340 1119 1389 1147 ne

91 1164 239 1214 legatus
270 1165 420 1214 cognita
457 1176 501 1203 re
528 1163 793 1202 laborantibus
822 1164 900 1202 suis
933 1163 1072 1202 auxilio
1103 1162 1223 1207 soret,
1254 1163 1387 1207 aciem,

92 1231 206 1270 quam
231 1219 408 1259 diffidens
438 1220 566 1257 virtuti
597 1217 761 1257 militum
785 1223 866 1257 arte
887 1223 1091 1263 statuerat,
1124 1230 1200 1269 quo
1221 1217 1390 1257 hostium

91 1276 216 1314 itineri
238 1274 423 1314 obiiceret
441 1273 554 1313 latius
580 1275 743 1325 porrigit
772 1286 895 1325 eoque
915 1274 1030 1313 modo
1051 1273 1099 1313 ad
1124 1273 1241 1312 Rutili
1266 1278 1391 1313 castra
1403 1287 1436 1313 20

24 1327 76 1369 53
93 1330 279 1381 procedit.
322 1329 484 1368 Romani
515 1342 560 1368 ex
590 1330 783 1379 inproviso
805 1329 973 1379 pulveris
1003 1329 1078 1368 vim
1100 1339 1279 1378 magnam
1310 1329 1390 1368 ani-

94 1385 358 1424 madvertunt:
390 1397 478 1424 nam
507 1389 755 1435 prospectum
785 1395 877 1433 ager
907 1384 1073 1423 arbustis
1103 1385 1271 1423 consitus
1300 1396 1390 1435 pro-

96 1440 262 1480 hibebat.
318 1440 364 1479 Et
392 1442 517 1491 primo
549 1441 623 1478 rati
653 1440 814 1479 humum
834 1440 980 1478 aridam
1000 1443 1111 1478 vento
1137 1440 1284 1489 agitari,
1305 1444 1392 1490 post

95 1496 161 1535 ubi
177 1495 416 1547 aequabilem
439 1507 595 1534 manere
610 1500 657 1539 et,
675 1496 785 1534 sicuti
802 1497 902 1534 acies
917 1494 1156 1539 movebatur,
1173 1496 1294 1546 magis
1310 1507 1391 1534 ma-

96 1553 230 1602 gisque
251 1552 561 1602 adpropinquare
581 1550 719 1594 vident,
748 1552 899 1600 cognita
929 1562 972 1589 re
1000 1556 1254 1601 properantes
1285 1561 1437 1591 ar1na2⁵

58 1611 79 1641 2
96 1608 251 1657 capiunt
267 1619 310 1645 ae
325 1618 397 1657 pro
414 1607 560 1650 castris,
580 1607 1212 1658 sicutiimperabatur,consistunt.
1234 1605 1390 1650 Deinde,

94 1662 160 1701 uhi
181 1663 339 1714 propius
360 1666 514 1701 ventum
538 1666 605 1705 est,
628 1662 822 1712 utrimque
839 1673 977 1712 magno
1000 1660 1168 1700 clamore
1193 1662 1392 1700 concurri-

60 1722 171 1757 3tur.
232 1717 418 1756 Numidae
447 1722 595 1756 tantum
625 1717 739 1755 modo
766 1718 960 1759 remorati,
995 1716 1085 1755 dnm
1112 1717 1150 1754 in
1181 1715 1393 1766 elephantis

95 1773 277 1813 auxilium
308 1777 461 1825 putant,
501 1777 704 1823 postquam
734 1783 799 1811 eos
829 1772 1018 1823 inpeditos
1051 1773 1167 1810 ramis
1208 1771 1392 1810 arborum

97 1834 210 1881 atque
242 1830 291 1868 ita
322 1829 501 1868 disiectos
530 1828 798 1867 circumveniri
829 1827 968 1871 vident,
1002 1827 1131 1877 sugam
1162 1827 1318 1871 faciunt,
1350 1839 1439 1867 acao

96 1885 270 1936 plerique
292 1884 449 1924 abiectis
475 1885 592 1923 armis
617 1883 723 1922 collis
743 1888 808 1921 aut
837 1884 982 1926 noctis,
1014 1895 1111 1933 quae
1141 1883 1215 1921 iam
1247 1882 1392 1926 aderat,

59 1940 236 1980 ‹iauxilio
266 1941 406 1991 integri
433 1939 586 1979 abeunt.
655 1938 856 1989 Elephanti
894 1943 1074 1989 quattuor
1110 1939 1229 1988 capti,
1261 1937 1395 1978 relicui

98 2007 251 2039 omnes,
283 2008 446 2034 numero
478 1996 742 2047 quadraginta,
771 1993 973 2033 interfecti.

62 2060 83 2091 5
209 2052 257 2089 At
284 2051 446 2090 Romani
473 2063 704 2103 quamquam
732 2051 868 2089 itinere
897 2055 1010 2101 atque
1037 2060 1155 2099 opere
1180 2053 1394 2088 castrorum

99 2113 137 2146 et
152 2106 299 2157 proelio
324 2107 412 2146 fessi
440 2107 604 2159 laetique
626 2109 786 2145 victoria
807 2110 938 2149 erant,
966 2111 1114 2149 tamen,
1137 2103 1239 2155 quod
1265 2103 1440 2145 Metel-³³

99 2163 158 2202 lus
190 2162 353 2212 amplius
394 2163 575 2212 opimone
608 2161 850 2204 morabatur.
883 2161 1058 2200 instructi
1087 2160 1297 2210 intentique
1327 2158 1396 2199 ob-

61 2225 83 2257 6
100 2220 195 2257 viam
222 2217 457 2268 procedunt:
490 2230 578 2256 nam
604 2217 714 2257 dolus
744 2216 996 2256 Numidarum
1017 2215 1108 2254 nihil
1139 2214 1309 2264 languidi
1329 2226 1396 2254 ne·

65 2282 84 2312 7
100 2287 174 2325 que
201 2274 350 2312 remissi
374 2274 601 2324 patiebatur.
640 2272 693 2311 Ac
715 2273 839 2323 primo
863 2271 1026 2310 obscura
1047 2275 1171 2315 nocte,
1193 2275 1395 2322 postquam
