1537 2512
133 87 213 130 106
346 103 400 129 DE
430 102 563 131 BELLO
594 102 850 131 IVGVRTHINO
882 105 915 130 c.
940 98 1017 132 110.
1041 94 1117 129 111.
1142 96 1220 130 119..
1513 0 1537 164 11

1524 166 1537 257 ³1,

132 203 286 252 eguisse
317 201 524 252 aliquando
547 207 635 242 tuae
656 203 866 247 amicitiae,
900 212 975 251 qua
996 201 1098 252 apud
1120 201 1292 240 animum
1314 211 1446 240 meum

91 262 114 293 4
128 256 226 296 nihil
243 258 371 296 carius
387 257 525 297 haheo.
572 258 614 297 Id
631 257 728 297 adeo
745 258 917 309 experiri
932 257 1042 296 licet:
1073 268 1180 296 arma
1201 258 1306 296 viros
1326 267 1443 307 pecu-

128 315 244 359 niam,
262 317 460 364 postremo
477 312 657 364 quicquid
681 314 808 351 animo
832 312 951 358 lubet,
974 325 1084 352 sume
1100 317 1224 358 utere,
1252 318 1290 352 et
1311 313 1438 364 quoad

128 370 243 414 vives,
274 380 488 419 numquam
528 367 597 406 tibi
642 367 831 407 redditam
851 369 1014 418 gratiam
1039 369 1253 418 putaveris:
1285 380 1440 419 semper

129 425 231 474 apud
250 436 313 463 me
329 425 479 472 integra
504 424 597 462 erit:
619 423 784 474 denique
799 423 893 462 nihil
909 436 971 463 me
995 425 1140 463 sciente
1161 423 1304 463 frustra
1320 423 1438 464 voles.
1452 435 1470 461 5
1532 426 1537 466 ἐ

97 479 244 524 5Nam,
264 485 307 518 ut
327 491 399 529 ego
420 483 613 523 aestumo,
631 490 765 529 regem
782 480 898 518 armis
916 491 1032 530 quam
1052 479 1314 519 munificentia
1339 480 1442 519 vinci

93 545 115 577 6
129 536 256 573 minus
279 534 510 584 flagitiosum
533 539 600 573 est.
645 534 826 573 Ceterum
849 535 896 573 de
918 547 962 573 re
986 534 1141 586 publica
1162 539 1305 580 vostra,
1331 536 1441 574 cuius

127 595 285 629 curator
315 590 394 629 huc
423 590 564 628 missus
590 600 650 634 eS,
682 591 814 641 paucis
837 591 981 640 accipe.
1030 589 1181 629 Bellum
1203 601 1275 640 ego
1296 589 1440 641 populo

126 645 303 685 Romano
327 657 454 696 neque
485 645 571 689 feci,
602 656 729 696 neque
758 646 902 684 sactum
928 657 1113 697 umquam
1142 644 1266 685 volui:
1297 650 1335 685 at
1356 645 1442 684 finis

94 711 235 742 7meos
264 701 472 740 advorsum
504 705 672 739 armatos
707 703 825 740 armis
864 705 1008 740 tutatus
1047 713 1145 741 sum.
1214 700 1258 740 Id
1285 701 1490 746 omitto‚10
1530 699 1537 727 ³

129 756 624 808 quandovohisitaplacet:
645 759 781 807 gerite,
794 756 1445 808 quoadvoltis‚cumIugurthabel-
1479 766 1489 772 ”
1536 805 1537 811 ¹

127 811 221 852 lum.
250 813 333 864 Ego
347 813 495 853 flumen
505 812 761 861 Muluccham,
779 813 881 862 quod
897 814 1001 852 inter
1018 826 1080 852 me
1095 819 1132 852 et
1142 814 1344 865 Micipsam
1358 813 1443 859 fuit,

91 879 113 912 8
125 882 203 910 non
213 871 403 921 egrediar,
414 881 542 919 neque
555 868 631 921 [id]
643 870 788 907 intrare
799 868 1025 918 Iugurtham
1038 869 1171 907 sinam.
1189 868 1395 907 Praeterea
1412 868 1444 906 si

129 926 222 977 quid
238 938 378 977 meque
399 925 586 975 vobisque
603 925 762 975 dignum
777 925 969 975 petiveris,
989 924 1082 963 haut
1098 923 1279 974 repulsus
1295 921 1442 962 abibis?

64 982 136 1020 111
241 982 298 1021 Ad
320 993 365 1020 ea
385 980 489 1019 Sulla
509 992 582 1030 pro
603 991 644 1019 se
665 979 834 1018 breviter
851 984 888 1018 et
907 979 1069 1023 modice,
1095 979 1142 1018 de
1163 991 1259 1029 pace
1280 984 1318 1018 et
1337 989 1443 1018 com·
1458 989 1490 1014 ιε,

126 1037 310 1077 munibus
325 1036 445 1076 rebus
464 1035 594 1074 multis
613 1034 812 1073 disseruit:
835 1035 1002 1086 denique
1018 1036 1101 1084 rogi
1118 1035 1320 1085 patefecit:
1341 1033 1444 1085 quod

126 1093 397 1144 polliceretur,
424 1095 601 1130 senatum
627 1095 663 1129 et
685 1090 872 1141 populum
892 1090 1132 1135 Romanum,
1166 1091 1352 1141 quoniam
1381 1101 1443 1128 ar-

126 1150 198 1188 mis
223 1148 387 1199 amplius
403 1146 622 1190 valuissent,
641 1157 719 1184 non
736 1147 775 1184 in
791 1147 954 1196 gratiam
973 1146 1194 1185 habituros:
1218 1145 1443 1185 faciundum

127 1216 211 1244 esse
234 1203 397 1254 aliquid,
423 1202 526 1253 quod
544 1202 698 1241 illorum
727 1203 849 1252 magis
874 1213 988 1252 quam
1011 1213 1080 1240 sua
1101 1200 1279 1240 retulisse
1294 1201 1443 1240 videre-

129 1267 213 1298 tur:
248 1259 285 1298 id
311 1259 406 1297 adeo
439 1259 477 1296 in
508 1262 691 1308 promptu
716 1268 812 1301 esse,
841 1259 1023 1308 quoniam
1053 1258 1202 1307 copiam
1234 1256 1486 1307 Iugurtham

126 1314 314 1354 haberet:
346 1325 463 1364 quem
487 1314 518 1352 si
543 1313 726 1352 Romanis
758 1313 999 1357 tradidisset,
1037 1313 1120 1352 sore
1145 1318 1186 1352 ut
1229 1311 1281 1351 illi
1309 1310 1444 1363 pluru-

128 1383 236 1410 mum
253 1369 485 1409 deberetur:
509 1369 728 1413 amicitiam,
751 1368 899 1413 foedus,
924 1368 1126 1407 Numidiae
1143 1373 1306 1418 partem,
1330 1379 1446 1419 quam

93 1431 112 1461 ·2
127 1437 232 1465 nunc
259 1430 430 1477 peteret,
461 1423 564 1463 ultro
586 1428 680 1463 tunc
702 1424 966 1463 adventuram.
997 1423 1078 1463 Rex
1100 1425 1226 1475 primo
1250 1424 1443 1473 negitare:

128 1482 416 1531 cognationem,
458 1480 712 1522 adfinitatem.
750 1485 953 1530 praeterea
993 1479 1130 1518 foedus
1171 1480 1444 1519 intervenisse:

126 1537 175 1575 ad
214 1537 290 1575 hoc
320 1542 515 1584 metuere,
555 1547 603 1574 ne
642 1537 746 1574 lluxa
782 1535 857 1574 fide
896 1547 989 1574 usus
1020 1534 1265 1585 popularium
1297 1535 1490 1573 animosas

128 1597 335 1635 avorteret‚
370 1592 454 1642 quis
486 1596 523 1630 et
549 1591 735 1640 Iugurtha
768 1602 893 1634 carus,
923 1596 960 1629 et
989 1590 1154 1629 Romani
1183 1591 1292 1629 invisi
1322 1594 1444 1629 erant.

93 1655 114 1687 3
129 1647 303 1698 Denique
326 1647 479 1697 saepius
503 1646 681 1695 fatigatus
702 1646 843 1685 lenitur
864 1651 901 1685 et
923 1659 966 1685 ex
993 1646 1189 1685 voluntate
1211 1645 1340 1685 Sullae
1362 1657 1443 1684 om-

91 1704 189 1741 4nia
211 1714 252 1741 se
275 1702 469 1741 facturum
492 1703 691 1751 promittit.
738 1702 917 1740 Ceterum
946 1702 993 1741 ad
1015 1701 1271 1740 simulandam
1292 1712 1442 1751 pacem,

128 1759 237 1797 cuius
265 1757 429 1797 Numida
461 1756 635 1797 defessus
662 1757 763 1796 hello
791 1757 1046 1797 avidissumus
1081 1761 1174 1801 erat,
1208 1767 1306 1808 quac
1338 1755 1443 1796 utilia

126 1815 207 1853 w’sa
239 1814 488 1853 constituunt.
543 1812 598 1852 lta
629 1814 829 1863 conposito
856 1812 943 1851 dolo
976 1813 1259 1863 digrediuntur.
1458 1819 1492 1846 ³0

63 1868 141 1909 112
239 1869 286 1907 At
314 1881 385 1908 rex
414 1874 571 1920 postero
604 1869 665 1908 die
688 1869 888 1920 Asparem,
922 1869 1131 1918 Iugurthae
1163 1868 1345 1918 legatum,
1378 1866 1444 1906 ad-

127 1924 244 1975 pellat
265 1925 451 1976 dicitque:
483 1924 555 1963 sibi
577 1936 647 1974 per
669 1923 860 1963 Dabarem
884 1936 927 1963 ex
953 1923 1054 1963 Sul-la
1082 1925 1300 1974 cognitum,
1331 1933 1445 1974 posse

129 1980 415 2019 conditionibus
440 1980 584 2019 bollum
609 1982 723 2030 poni:
752 1992 867 2031 quam
893 1979 942 2019 ob
967 1992 1050 2019 rem
1078 1981 1181 2030 regis
1210 1979 1269 2018 sui
1289 1982 1444 2018 senten-

93 2036 219 2074 2tiam
254 2037 488 2086 exquireret.
542 2034 608 2075 llle
641 2035 762 2075 laetus
793 2037 830 2074 in
853 2042 976 2074 castra
1002 2035 1211 2085 Iugurthae
1233 2034 1443 2085 proficisci-

128 2096 210 2135 tur,
245 2091 383 2130 deinde
415 2091 462 2130 ab
495 2091 558 2130 illo
587 2097 724 2130 cuncta
758 2091 916 2130 edoctus
949 2096 1158 2141 properato
1188 2091 1325 2129 itinere
1356 2094 1491 2139 postas

133 2149 236 2188 diem
254 2155 430 2189 octavum
447 2149 548 2188 redit
565 2149 611 2188 ad
624 2148 821 2188 Bocchum
836 2153 873 2185 et
889 2148 922 2185 ci
941 2147 1112 2184 nuntiat:
1132 2144 1359 2195 Iugurtham
1378 2157 1444 2184 cu-

133 2217 227 2256 pere
244 2207 384 2249 omnia,
403 2217 500 2256 quae
518 2206 817 2255 imperarentur,
837 2203 977 2247 facere,
997 2207 1054 2240 set
1066 2201 1187 2239 Mario
1201 2212 1338 2252 parum
1353 2212 1446 2241 con·

134 2261 272 2300 nidere:
298 2274 413 2304 saepe
432 2267 542 2300 antra
561 2273 646 2299 cun)
668 2257 970 2309 imperatoribus
988 2257 1171 2297 Romanis
1193 2268 1328 2309 pacem
1352 2268 1445 2297 con·
