1537 2512
310 111 364 136 m:
395 110 528 136 nmmo
560 108 823 136 wovmanxo
856 108 889 135 c.
921 103 976 138 43.
1003 104 1058 138 44.
1089 104 1143 138 45.
1322 99 1374 138 65

77 209 180 254 citui,
213 207 351 247 milites
383 206 555 246 scribere
592 207 781 258 praesidia
815 207 986 256 undique
1024 218 1237 251 accersere,
1270 219 1374 246 arma

76 263 163 309 tela,
191 274 311 314 equos
341 267 378 302 et
407 266 535 301 cetera
565 263 817 301 instrumenta
847 261 1001 301 militiae
1035 273 1192 312 parare,
1225 261 1271 300 ad
1301 262 1374 301 hoc

78 322 321 358 conmeatum
342 317 518 362 adfatim,
543 317 708 368 denique
730 318 874 362 omnia,
903 329 1001 367 quae
1025 318 1062 356 in
1087 317 1188 356 bello
1209 318 1313 355 vario
1339 322 1374 356 et

77 373 286 413 multarum
315 384 447 412 rerum
473 373 599 423 egenti
627 373 714 412 usui
746 383 828 411 esse
859 372 992 411 solent.
1056 372 1234 411 Ceterum
1263 372 1308 410 ad
1332 382 1411 412 ea4

47 428 263 481 spatranda
291 432 447 467 senatus
477 429 720 472 auctoritate,
754 429 846 466 socii
876 439 1095 478 nomenque
1132 427 1308 466 Latinum
1340 432 1376 466 et

76 494 188 534 reges
209 482 310 522 ultro
337 483 475 522 auxilia
496 483 698 527 mittundo,
714 487 910 533 postremo
932 484 1055 521 omnis
1077 484 1206 521 civitas
1224 494 1374 521 summo

76 538 201 578 studio
222 538 477 577 adnitebatur.
522 537 654 588 Itaque
677 550 723 576 ex
754 539 938 576 sententia
964 537 1142 577 omnibus
1168 537 1285 576 rebus
1306 549 1371 588 pa·
1388 543 1406 574 5

76 595 168 632 ratis
197 594 481 645 conpositisque
512 594 548 631 in
580 593 796 632 Numidiam
826 593 1102 643 proficiscitur,
1142 604 1280 643 magna
1308 603 1375 642 spe

77 649 215 688 civium
246 660 334 688 cum
362 654 523 699 propter
547 649 638 686 artis
658 648 779 686 bonas
800 653 880 686 tum
907 660 1086 687 maxume
1108 648 1211 698 quod
1239 647 1373 686 advor-

30 715 63 742 ιο
76 715 162 743 sum
188 704 334 743 divitias
358 704 541 743 invictum
561 704 730 742 animum
756 702 914 752 gerebat
935 708 972 741 et
996 704 1152 742 avaritia
1175 703 1374 752 magistra—

76 765 185 798 tuum
219 763 306 798 ante
344 759 381 797 id
417 763 570 809 tempus
602 759 640 796 in
673 757 849 796 Numidia
880 764 1034 797 nostrae
1068 770 1160 808 opes
1193 761 1373 796 contusae

74 814 319 865 hostiumque
349 818 483 853 auctae
513 818 634 853 erant.

186 869 252 908 Set
280 869 346 908 ubi
372 869 410 907 in
439 869 606 908 Africam
636 869 759 912 venit,
791 868 981 907 exercitus
1007 869 1041 906 ei
1069 867 1233 906 traditur
1263 879 1283 905 a
1310 867 1374 917 Sp.
1389 867 1441 904 44

75 923 212 963 Albino
241 936 313 975 pro
353 923 510 963 consule
546 925 649 963 iners
686 922 855 968 inbellis,
894 934 1021 973 neque
1059 921 1221 973 periculi
1250 934 1374 973 neque

30 988 63 1016 ιδ
75 979 219 1019 laboris
245 980 414 1030 patiens,
445 978 574 1030 lingua
601 991 716 1029 quam
746 990 862 1016 manu
889 979 1125 1028 promptior,
1167 977 1374 1027 praedator

76 1047 123 1074 ex
153 1035 267 1073 sociis
296 1039 333 1074 et
362 1035 443 1085 ipse
464 1034 608 1084 praeda
629 1034 817 1077 hostium,
846 1034 926 1072 sine
943 1034 1108 1083 imperio
1128 1038 1163 1071 et
1188 1031 1372 1071 modestia

74 1089 239 1129 habitus.
289 1090 346 1129 lta
366 1090 593 1140 imperatori
614 1101 712 1127 novo
733 1088 819 1139 plus
840 1101 885 1126 ex
908 1088 1017 1126 malis
1037 1087 1211 1126 moribus
1235 1086 1372 1125 sollici-
1388 1094 1408 1125 2

76 1145 217 1184 tudinis
248 1157 363 1196 quam
385 1156 430 1183 ex
454 1146 561 1195 copia
583 1144 744 1182 militum
776 1143 890 1182 auxili
910 1149 975 1182 aut
1004 1144 1085 1193 spei
1113 1142 1237 1181 bonae
1260 1142 1372 1181 adce-

76 1199 201 1239 debat.
259 1200 396 1239 Statuit
431 1205 559 1238 tamen
588 1198 780 1243 Metellus,
820 1210 1053 1249 quamquam
1084 1202 1119 1236 et
1141 1198 1406 1240 aestivorum3

31 1265 64 1293 ω
76 1259 228 1306 tempus
244 1256 487 1294 comitiorum
504 1266 612 1293 mora
631 1255 863 1293 inminuerat
880 1260 915 1292 et
932 1254 1195 1304 expectatione
1219 1257 1374 1291 eventus

77 1311 216 1349 civium
245 1311 392 1349 animos
428 1310 593 1349 intentos
621 1309 798 1360 putabat,
838 1320 915 1347 non
944 1309 1051 1358 prius
1081 1307 1223 1347 bellum
1252 1307 1373 1346 adtin—

76 1376 169 1415 gere
200 1377 315 1416 quam
344 1366 535 1404 maiorum
565 1364 765 1415 disciplina
795 1364 933 1402 milites
963 1363 1142 1402 laborare
1173 1363 1372 1411 coegisset.

75 1420 173 1459 Nam
203 1419 380 1464 Albinus,
419 1420 504 1459 Auli
543 1420 671 1459 fratris
703 1420 971 1469 exercitusque
1012 1418 1118 1456 clade
1153 1416 1405 1468 perculsus,4

75 1481 279 1526 postquam
310 1475 532 1515 decreverat
553 1487 630 1514 non
661 1474 792 1524 egredi
821 1474 1038 1524 provincia,
1070 1478 1255 1523 quantum
1278 1477 1372 1511 tem-

31 1531 182 1581 aporis
204 1532 433 1570 aestivorum
458 1531 497 1569 in
512 1530 677 1582 imperio
698 1530 779 1573 suit,
805 1529 1033 1579 plerumque
1062 1527 1200 1566 milites
1231 1527 1374 1566 stativis

77 1586 212 1624 castris
239 1585 427 1629 habebat,
459 1587 532 1624 nisi
564 1597 650 1624 cum
682 1585 775 1623 odos
805 1591 870 1623 aut
899 1584 1030 1634 pabuli
1067 1587 1216 1632 egestas
1245 1581 1373 1621 locum

77 1646 227 1680 mutare
251 1640 468 1691 subegerat.
502 1641 568 1680 Set
603 1651 731 1689 neque
770 1638 1066 1683 muniebantur,
1107 1649 1234 1689 neque
1262 1643 1402 1676 morea

76 1695 231 1735 militari
246 1695 393 1747 vigiliae
419 1695 730 1735 deducebantur:
753 1695 807 1732 uti
825 1695 964 1744 cuique
984 1693 1161 1737 lubebat,
1186 1692 1233 1732 ab
1255 1693 1372 1742 signis

78 1750 231 1790 aberat:
256 1751 354 1790 lixae
374 1752 554 1802 permixti
574 1763 661 1790 oum
682 1749 863 1788 militibus
881 1749 944 1788 diu
967 1753 1161 1798 noctuque
1182 1747 1371 1796 vagaban-

31 1812 161 1847 sotur:
193 1812 230 1846 et
248 1806 420 1856 palantes
447 1817 562 1856 agros
589 1810 749 1849 vastare,
779 1805 884 1842 villas
906 1814 1141 1853 expugnare,
1165 1803 1316 1852 pecoris
1336 1807 1372 1840 et

76 1862 358 1912 mancipiorum
387 1861 551 1912 praedas
581 1864 774 1899 certantes
804 1871 936 1909 agere,
969 1868 1090 1908 eaque
1111 1862 1261 1896 mutare
1283 1868 1371 1896 cum

77 1916 362 1956 mercatoribus
380 1918 466 1955 vino
495 1916 695 1955 advectitio
718 1919 754 1952 et
774 1913 854 1952 aliis
883 1913 1037 1959 talibus,
1071 1917 1271 1963 praeterea
1292 1912 1372 1951 sru-

78 1977 251 2011 mentum
281 1971 436 2022 publice
467 1971 597 2010 datum
629 1969 808 2013 vendere,
838 1980 978 2019 panem
1009 1969 1046 2006 in
1076 1968 1156 2006 dies
1186 1969 1371 2006 mercari:

78 2031 275 2078 postremo
297 2038 549 2077 quaecunque
580 2025 653 2064 dici
675 2030 739 2063 aut
768 2025 859 2073 fingi
885 2029 1029 2075 queunt
1059 2023 1231 2073 ignaviae
1261 2022 1372 2062 luxu-

33 2083 236 2134 tsriaeque
264 2081 427 2132 probra,
458 2083 495 2119 in
524 2081 587 2120 illo
619 2081 788 2120 exercitu
820 2084 955 2118 cuncta
986 2079 1094 2117 suere
1126 2082 1163 2117 et
1192 2077 1262 2117 alia
1293 2090 1371 2117 am-

79 2137 190 2187 plius.
251 2137 316 2176 Set
345 2138 381 2175 in
411 2149 454 2176 ea
484 2136 703 2176 difficultate
725 2133 917 2173 Metellum
947 2145 1024 2172 non
1046 2134 1173 2172 minus
1201 2146 1315 2184 quam
1334 2134 1438 2172 11145

80 2192 199 2231 rebus
227 2192 428 2231 hostilibus
448 2203 630 2241 magnum
652 2194 688 2230 et
709 2191 919 2241 sapientem
948 2190 1071 2228 virum
1092 2189 1209 2227 fuisse
1231 2201 1370 2240 conpe-

81 2248 180 2286 rior:
205 2252 308 2286 tanta
328 2248 580 2299 temperantia
611 2248 709 2285 inter
730 2244 974 2284 ambitionem
995 2245 1264 2295 saevitiamque
1289 2256 1370 2282 mo·

149 2311 325 2345 Sinncsr.
1142 2313 1165 2350 5
