1537 2512
372 117 428 143 nn
457 115 591 142 nnnno
622 115 886 143 IVGVRTGINO
919 115 955 143 c.
987 111 1044 145 53.
1070 110 1123 145 54.
1347 105 1393 143 71

105 214 199 254 haut
226 213 363 264 procul
390 214 488 252 inter
517 223 558 252 se
580 216 699 258 erant,
725 214 905 263 strepitu,
931 213 1034 252 velut
1062 213 1192 252 hostes
1221 214 1401 254 adventa-

105 274 211 314 rent,
242 268 351 308 alteri
374 268 475 318 apud
501 267 642 307 alteros
661 267 904 307 formidinem
927 268 1039 307 simul
1064 273 1101 307 et
1121 268 1326 308 tumultum
1345 270 1400 308 fa-

108 336 217 369 cere,
258 328 295 362 et
323 335 446 374 paene
480 322 721 373 inprudentia
751 323 960 362 admissum
990 323 1138 362 facinus
1169 324 1398 369 miserabile,

109 381 146 419 ni
176 380 368 430 utrimque
396 378 596 429 praemissi
625 378 772 429 equites
801 390 885 417 rem
914 378 1224 429 exploravissent.
1282 379 1434 429 Igitur&

80 445 179 484 apro
209 439 312 473 metu
343 438 503 484 repente
534 433 715 483 gaudium
748 438 941 477 mutatur,
983 433 1121 473 milites
1159 433 1254 473 alius
1286 434 1401 474 alium

108 489 193 528 laeti
211 488 414 539 adpellant,
437 492 520 527 acta
541 488 703 527 edocent
721 492 834 539 atque
858 489 1028 534 audiunt,
1051 500 1120 528 sua
1141 491 1302 540 quisque
1324 489 1400 528 for-

107 545 159 582 tia
185 545 280 584 facta
305 544 351 583 ad
373 542 519 582 caelum
540 543 626 582 fert.
667 543 816 594 Quippe
850 555 913 582 res
943 544 1135 583 humanae
1154 545 1204 582 ita
1227 556 1311 584 sese
1335 544 1400 584 ha-

108 598 218 638 bent:
256 600 296 638 in
331 599 488 637 victoria
518 588 613 636 vel
604 599 747 648 ignavis
776 598 931 649 gloriari
970 599 1077 643 licet,
1118 599 1301 639 advorsae
1339 611 1402 639 res

110 655 221 693 etiam
250 653 374 693 bonos
403 654 627 693 detrectant.

63 723 95 748 ιο
217 709 391 748 Metellus
417 710 454 747 in
475 709 616 747 eisdem
638 709 771 747 castris
795 709 1008 759 quadriduo
1032 713 1222 753 moratus,
1252 711 1402 748 saucios
1417 711 1467 749 54

108 776 194 804 cum
215 776 307 804 cura
336 764 478 808 reficit,
508 764 666 802 meritos
695 764 733 801 in
763 763 918 813 proeliis
948 775 1057 802 more
1085 763 1239 803 militiae
1270 764 1396 808 donat,

107 820 307 858 univorsos
337 821 374 857 in
400 819 575 857 contione
605 818 734 857 laudat
762 823 875 869 atque
901 820 978 868 agit
1011 820 1175 869 gratias:
1207 819 1396 864 hortatur,

107 874 154 913 ad
175 879 313 918 cetera,
344 886 442 925 quae
468 873 562 912 levia
592 874 684 917 sint,
716 885 849 923 parem
870 875 1038 913 animum
1068 878 1220 924 gerant:
1251 886 1323 924 pro
1345 876 1398 913 vi-

108 930 227 968 ctoria
257 931 345 968 satis
395 930 468 967 iam
523 933 746 979 pugnatum,
776 929 942 968 relicuos
965 929 1119 969 labores
1146 941 1217 979 pro
1253 930 1398 979 praeda

61 999 92 1025 15
108 983 202 1024 sore.
244 984 389 1024 Tamen
419 985 572 1023 interim
601 984 819 1033 transfugas
835 990 872 1023 et
887 983 982 1022 alios
999 984 1430 1035 opportunos,lugur-2

106 1040 171 1079 tha
200 1039 265 1079 ubi
294 1041 464 1089 gentium
490 1044 555 1078 aut
583 1039 673 1090 quid
703 1040 874 1088 agitaret,
904 1052 991 1079 cum
1010 1041 1192 1090 paucisne
1222 1045 1322 1079 esset
1350 1052 1398 1078 an

107 1096 318 1134 exercitum
342 1094 522 1138 haberet,
554 1100 596 1133 ut
625 1106 708 1133 sese
733 1095 853 1133 victus
872 1100 1036 1144 gereret,
1068 1095 1308 1145 exploratum
1328 1096 1396 1134 mi-

106 1151 164 1189 sit.
198 1151 244 1188 At
269 1149 330 1189 ille
351 1161 435 1189 sese
451 1150 489 1188 in
510 1149 593 1188 loca
621 1149 786 1188 saltuosa
813 1154 849 1188 et
870 1155 1006 1189 natura
1021 1152 1166 1190 munita
1188 1156 1401 1201 receperat,
1417 1157 1436 1190 3

106 1205 234 1256 ibique
258 1205 421 1254 cogebat
441 1206 653 1244 exercitum
672 1217 836 1244 numero
857 1205 1056 1245 hominum
1077 1205 1314 1256 ampliorem,
1346 1211 1402 1244 set

59 1259 285 1300 2ohebetem
315 1261 604 1310 infirmumque,
645 1261 727 1309 agri
758 1272 802 1299 ac
831 1262 984 1310 pecoris
1013 1262 1135 1310 magis
1166 1273 1282 1311 quam
1311 1259 1400 1300 belli

107 1315 305 1355 cultorem.
374 1315 417 1354 Id
459 1327 502 1354 ea
530 1317 651 1364 gratia
692 1316 909 1361 eveniebat,
949 1317 1051 1367 quod
1089 1321 1244 1366 praeter
1276 1317 1435 1365 regios4

107 1371 254 1422 equites
283 1382 398 1410 nemo
430 1371 600 1409 omnium
633 1371 797 1409 Numida
835 1383 881 1410 ex
920 1371 1010 1421 suga
1046 1383 1179 1422 regem
1208 1373 1400 1422 sequitur:

106 1438 182 1476 quo
207 1426 393 1476 cuiusque
414 1426 564 1464 animus
584 1425 669 1469 fert,
691 1438 736 1464 eo
761 1426 973 1470 discedunt,
1002 1438 1127 1478 neque
1150 1426 1189 1464 id
1218 1425 1400 1475 flagitium

106 1480 260 1520 militiae
285 1481 457 1519 ducitur:
489 1481 537 1518 ita
565 1491 605 1518 se
635 1492 764 1520 mores
790 1480 944 1519 habent.

59 1550 92 1574 25
217 1536 338 1585 Igitur
358 1534 531 1574 Metellus
557 1535 622 1574 ubi
646 1536 743 1574 videt
768 1537 870 1585 regis
896 1537 1091 1575 etiamtum
1108 1537 1276 1574 animum
1298 1534 1399 1574 fero·
1415 1546 1435 1576 ῖ)

108 1603 191 1630 cem
213 1602 308 1635 esse,
332 1590 476 1629 bellum
506 1592 693 1634 renovari,
719 1591 821 1642 quod
841 1592 912 1629 nisi
935 1603 980 1630 ex
1005 1590 1104 1629 illius
1126 1590 1296 1630 lubidine
1320 1590 1402 1640 geri

106 1657 184 1685 non
208 1650 347 1696 posset,
377 1651 578 1696 praeterea
607 1647 749 1685 inicum
780 1651 974 1685 certamen
1004 1646 1077 1685 sibi
1108 1658 1196 1685 cum
1215 1644 1400 1688 hostibus,

106 1702 255 1740 minore
285 1701 514 1740 detrimento
544 1700 629 1739 illos
659 1703 757 1740 vinci
794 1713 909 1752 quam
939 1713 1029 1740 suos
1058 1703 1233 1745 vincere,
1275 1700 1404 1738 statuit

106 1768 183 1794 non
210 1755 365 1806 proeliis
395 1768 521 1807 neque
552 1755 628 1808 [in]
651 1758 750 1801 acie,
786 1761 844 1796 set
863 1756 935 1795 alio
957 1768 1065 1796 more
1094 1756 1237 1796 bellum
1259 1765 1401 1804 gerun-

60 1825 93 1851 ao
107 1811 210 1850 dum.
253 1811 386 1862 ltaque
406 1812 443 1849 in
466 1811 548 1850 loca
571 1811 771 1856 Numidiae
792 1811 1092 1862 opulentissuma
1117 1812 1256 1861 pergit,
1289 1820 1437 1860 agrosss

106 1870 238 1910 vastat,
255 1866 373 1905 multa
396 1866 548 1905 castella
565 1871 603 1904 et
618 1867 769 1917 oppida,
785 1872 931 1905 temere
947 1868 1091 1905 munita
1111 1871 1176 1905 aut
1191 1867 1273 1904 sine
1289 1877 1401 1916 prae-

107 1921 216 1965 sidio,
238 1922 338 1971 capit
354 1921 617 1971 incenditque,
643 1920 812 1971 puberes
836 1922 1030 1965 interficit,
1055 1921 1160 1960 iubet
1183 1920 1253 1960 alia
1275 1922 1401 1960 omnia

107 1975 268 2014 militum
301 1976 484 2027 praedam
514 1987 609 2015 esse.
665 1976 718 2015 Ea
743 1976 945 2015 formidine
976 1976 1085 2015 multi
1114 1975 1295 2015 mortales
1324 1975 1400 2014 Ro-

107 2032 230 2070 manis
261 2031 375 2070 dediti
404 2030 576 2075 obsides,
609 2030 843 2070 frumentum
874 2036 911 2070 et
937 2031 1006 2070 alia
1031 2044 1128 2083 quae
1158 2032 1245 2070 usui
1275 2031 1401 2070 forent

60 2099 94 2126 ιε
108 2085 262 2125 adfatim
289 2085 481 2136 praebita,
512 2085 745 2137 ubicumque
765 2099 829 2126 res
848 2086 1066 2137 postulabat
1090 2086 1322 2138 praesidium
1344 2087 1400 2125 in-

108 2141 285 2191 positum.
340 2140 446 2186 Quae
469 2142 620 2190 negotia
651 2141 770 2181 multo
795 2143 916 2192 magis
946 2153 1060 2192 quam
1091 2140 1280 2192 proelium
1302 2140 1400 2180 male
1416 2151 1434 2181 7

106 2201 318 2246 pugnatum
336 2196 383 2235 ab
399 2197 478 2235 suis
497 2207 628 2246 regem
645 2196 861 2236 terrebant:
884 2198 1024 2248 quippe
1049 2198 1158 2236 cuius
1173 2208 1260 2246 spes
1277 2197 1400 2235 omnis
1413 2202 1435 2234 8

106 2251 145 2289 in
174 2251 262 2300 suga
293 2253 362 2290 sita
392 2256 493 2295 erat,
526 2252 633 2302 sequi
664 2251 885 2303 cogebatur,
918 2257 955 2291 et
982 2253 1047 2303 qui
1068 2263 1136 2291 sua
1160 2251 1243 2290 loca
1269 2251 1399 2290 desen·
