1537 2512
147 112 199 151 50
421 123 476 148 DE
501 121 636 148 nmmo
665 121 930 149 1vaR'rnmo
962 120 997 148 c.
1033 115 1088 151 19.
1111 115 1169 148 20.

93 238 101 243 „
147 222 243 261 djnis
263 220 365 259 domi
386 220 615 259 minuendae
641 221 761 271 gratia
788 219 986 259 sollicitata
1011 218 1124 269 plebe
1156 223 1193 257 et
1222 217 1304 257 aliis
1327 229 1444 256 nova-

146 288 232 316 rum
253 287 384 315 rerum
409 275 538 321 avidis,
560 276 776 326 Hipponem
802 275 1082 315 Hadrumetum
1103 273 1253 323 Leptim
1275 272 1444 324 aliasque

145 330 254 370 urbis
274 332 310 369 in
333 343 400 370 ora
421 332 624 370 marituma
642 331 861 375 condidere,
884 342 1027 381 eaeque
1044 329 1151 368 brevi
1174 327 1338 368 multum
1354 339 1444 367 auc-

110 394 129 424 2
146 392 204 425 tae
233 398 323 437 pars
344 386 556 437 originibus
577 387 655 425 suis
674 386 885 436 praesidio,
917 385 1012 424 aliae
1031 385 1160 424 decori
1181 383 1303 424 suere.
1347 382 1443 422 Nam
1516 423 1518 425 .

146 443 192 481 de
224 441 452 492 Carthagine
478 441 591 480 silere
611 441 747 480 melius
775 447 868 492 puto
886 452 1000 492 quam
1023 452 1162 491 parum
1178 440 1319 484 dicere,
1346 450 1440 489 quo·
1456 453 1472 478 ⁵
1512 446 1518 450 ’

143 498 247 536 niam
278 497 351 535 alio
382 508 594 547 properare
623 502 775 547 tempus
796 503 940 536 monet.
1515 497 1519 502 '

106 559 125 591 3
255 552 374 603 Igitur
398 552 445 591 ad
467 551 764 597 Catabathmon,
788 553 852 603 qui
882 552 990 591 locus
1011 551 1225 601 Aegyptum
1246 549 1293 588 ab
1315 548 1442 589 Africa

144 607 286 652 dividit,
308 607 479 647 seeundo
501 608 599 646 mari
621 608 744 658 prima
767 607 919 647 Curene
944 612 1019 651 est,
1046 605 1195 645 colonia
1225 605 1441 649 Theraeon,
1487 645 1493 647 Α

144 676 187 702 ac
214 664 394 714 deinceps
415 662 513 702 duae
538 663 690 714 Syrtes,
719 664 896 714 interque
922 674 986 702 eas
1012 662 1162 712 Leptis,
1195 661 1331 701 deinde
1354 659 1443 699 Phi-

143 719 281 758 laenon
309 730 418 763 arae,
452 730 568 769 quem
597 718 725 757 locum
753 719 968 770 Aegyptum
1004 728 1140 756 vorsus
1173 717 1290 756 finem
1303 716 1444 766 imperi
1458 727 1489 752 io
1512 743 1519 745 -

108 773 315 813 4habuere
338 773 681 824 Carthaginienses,
708 779 795 824 post
817 774 910 813 aliae
935 774 1103 813 Punicae
1131 772 1262 812 urbes.
1308 771 1441 810 Cetera
1518 774 1519 778 ’

141 829 225 868 loca
256 841 379 880 usque
409 829 455 868 ad
477 829 753 869 Mauretaniam
776 829 964 869 Numidae
986 833 1128 872 tenent,
1168 827 1348 879 proxumi
1377 827 1442 866 Hi-
1504 839 1525 863 ⁷·

108 886 274 935 5spania
306 884 430 923 Mauri
459 889 558 923 sunt.
618 884 742 934 Super
768 885 985 924 Numidiam
1014 883 1195 924 Gaetulos
1223 883 1443 933 accepimus

106 941 279 990 &partim
307 940 345 978 in
376 940 537 991 tuguriis
591 940 684 978 alios
712 939 892 979 incultius
923 951 1038 990 vagos
1067 940 1232 990 agitare,
1263 942 1350 989 post
1376 948 1442 977 eos

110 995 349 1045 7Aethiopas
370 1006 466 1040 esse,
497 995 636 1034 dehine
659 995 743 1034 loca
774 1001 906 1035 exusta
935 995 1025 1034 solis
1053 995 1270 1034 ardoribus.
1321 993 1441 1043 Igitur
1457 1003 1486 1028 15

141 1050 242 1090 bello
273 1050 501 1100 Iugurthino
531 1049 716 1102 pleraque
746 1064 791 1090 ex
822 1051 977 1090 Punicis
1005 1051 1143 1101 oppida
1173 1056 1210 1089 et
1237 1050 1322 1088 finis
1351 1048 1441 1088 Car-

139 1107 450 1157 thaginiensium,
470 1117 566 1157 quos
581 1107 800 1146 novissume
816 1106 1043 1151 habuerant,
1062 1105 1229 1156 populus
1244 1105 1442 1144 Romanus

140 1174 210 1212 per
240 1163 486 1212 magistratus
515 1161 816 1206 administrabat,
849 1161 1101 1202 Gaetulorum
1125 1172 1264 1212 magna
1293 1171 1384 1211 pars
1405 1165 1442 1200 et

139 1217 327 1257 Numidae
356 1228 479 1267 usque
511 1217 557 1256 ad
585 1217 728 1256 flumen
746 1214 990 1255 Muluccham
1007 1216 1078 1256 sub
1102 1216 1288 1268 Iugurtha
1318 1220 1439 1260 erant,

139 1272 282 1312 Mauris
314 1272 492 1311 omnibus
521 1285 588 1312 rex
618 1272 796 1311 Bocchus
818 1270 1077 1323 imperitabat,
1116 1276 1272 1323 praeter
1298 1279 1484 1311 nomensso
1517 1288 1522 1290 *

142 1333 268 1367 cetera
298 1329 456 1379 ignarus
486 1327 620 1378 populi
649 1328 811 1366 Romani
846 1329 1014 1379 itemque
1044 1328 1156 1367 nobis
1183 1339 1310 1379 neque
1339 1327 1440 1367 beno

106 1393 266 1434 Sneque
304 1395 397 1434 pace
430 1388 540 1422 antea
573 1384 759 1433 cognitus.
816 1383 869 1422 De
899 1384 1027 1422 Africa
1056 1389 1092 1422 et
1123 1385 1203 1423 eius
1231 1383 1366 1422 incolis
1393 1383 1438 1422 ad

140 1439 463 1478 necessitudinem
497 1439 553 1477 rei
583 1439 673 1476 satis
703 1439 858 1477 dictum.

71 1499 124 1537 20
249 1494 458 1545 Postquam
486 1493 604 1533 diviso
636 1505 757 1545 regno
787 1494 900 1543 legati
929 1494 1056 1533 Africa
1082 1495 1283 1534 decessere
1310 1499 1347 1533 et
1377 1493 1438 1533 ln-

139 1549 276 1600 gurtha
301 1554 434 1588 contra
450 1550 629 1588 timorem
650 1550 764 1588 animi
784 1552 954 1597 praemia
976 1549 1132 1589 sceleris
1153 1550 1334 1600 adeptum
1355 1560 1438 1589 sese
1453 1560 1484 1585 25

137 1605 249 1647 videt,
285 1609 434 1644 certum
456 1616 539 1643 esse
566 1609 684 1648 ratus,
718 1605 819 1655 qnod
852 1617 896 1644 ex
919 1606 1050 1644 amicis
1072 1606 1172 1655 apud
1195 1605 1437 1644 Numantiam

138 1665 353 1710 acceperat,
386 1661 513 1698 omnia
534 1659 679 1698 Romae
700 1659 846 1699 venalia
869 1672 964 1706 esse,
990 1661 1102 1700 simul
1125 1667 1161 1700 et
1182 1660 1334 1700 illorum
1354 1659 1437 1710 pol-

136 1714 409 1754 licitationibus
430 1715 632 1760 adcensus,
655 1727 751 1765 quos
773 1715 886 1765 paulo
909 1721 995 1755 ante
1015 1716 1242 1755 muneribus
1261 1715 1437 1767 expleve-

104 1784 122 1812 ‘2
136 1776 214 1816 rat,
246 1772 282 1809 in
304 1781 469 1820 regnum
490 1769 716 1809 Adherbalis
736 1772 906 1810 animum
925 1771 1096 1810 intendit.
1141 1772 1226 1822 lpse
1247 1783 1335 1811 acer
1355 1771 1435 1810 bel-

136 1826 290 1870 licosus,
309 1831 347 1864 at
368 1827 410 1870 is,
429 1838 543 1876 quem
560 1825 725 1876 petebat,
744 1827 894 1876 quietus
911 1826 1073 1871 inbellis,
1097 1827 1247 1877 placido
1269 1828 1435 1878 ingenio,
1449 1836 1482 1865 3ο

101 1892 119 1923 :5
139 1881 754 1932 opportunusiniuriae,metuens
775 1883 895 1932 magis
911 1895 1026 1933 qnam
1044 1882 1284 1922 metuendus.
1317 1882 1436 1934 Igitur

136 1949 181 1975 ex
198 1937 392 1986 inproviso
411 1936 496 1975 finis
514 1937 595 1976 eius
613 1948 699 1975 cnm
718 1948 856 1987 magna
872 1949 986 1977 manu
1003 1938 1156 1982 invadit,
1174 1937 1315 1977 multos
1332 1950 1435 1977 mor·

135 1991 219 2030 talis
241 2004 326 2031 cum
349 2003 491 2042 pecore
513 1997 626 2042 atque
647 1991 716 2030 alia
740 1993 881 2042 praeda
913 1995 1032 2043 capit,
1065 1993 1234 2033 aedificia
1253 1993 1433 2038 incendit,

100 2060 116 2088 -ι
134 2046 318 2098 pleraque
344 2048 426 2086 loca
448 2047 635 2086 hostiliter
666 2059 753 2086 cnm
785 2049 954 2098 equitatu
986 2049 1145 2094 adcedit,
1178 2048 1315 2088 deinde
1346 2061 1432 2088 cum

136 2103 240 2141 omni
271 2102 514 2142 multitudine
545 2104 582 2141 in
612 2115 774 2153 regnum
805 2115 916 2142 sunm
953 2105 1159 2148 convortit,
1200 2104 1480 2144 existumansas

134 2156 391 2197 Adherbalem
419 2158 551 2197 dolore
582 2164 799 2208 permotum
831 2160 988 2198 iniurias
1008 2171 1097 2200 snas
1126 2170 1241 2198 manu
1268 2159 1432 2199 vindica-

99 2224 119 2254 5
134 2217 264 2252 turum
288 2225 449 2264 eamque
471 2225 554 2253 rem
575 2213 664 2252 belli
686 2226 859 2253 caussam
881 2216 974 2254 sore.
1018 2216 1065 2254 At
1086 2215 1159 2259 ille,
1185 2214 1286 2265 quod
1306 2227 1432 2266 neque

134 2279 173 2307 se
196 2280 328 2319 parem
351 2269 466 2307 armis
489 2269 741 2308 existumabat
763 2276 800 2308 et
820 2272 982 2310 amicitia
1014 2271 1145 2323 populi
1166 2270 1328 2310 Romani
1352 2283 1431 2310 ma·
