1537 2512
299 113 356 140 m:
386 109 524 140 nmmo
555 113 822 140 rvovn'rmxo
856 113 891 139 c.
925 107 979 142 17.
1013 107 1067 143 18.
1100 108 1155 143 19.
1324 104 1376 142 49

80 209 230 249 obtinet
250 211 446 250 divorsum
467 216 543 255 est,
574 216 701 250 tamen
722 213 777 250 uti
802 223 847 250 ex
869 210 977 250 libris
997 211 1168 257 Punicis,
1192 213 1257 263 qui
1277 213 1378 263 regis

79 265 308 316 Hiempsalis
336 265 574 310 dicebantur,
605 267 901 316 interpretatum
924 266 1035 305 nobis
1059 272 1116 306 est
1142 268 1274 318 utique
1293 280 1377 307 rem

81 332 166 360 sese
186 321 332 360 habere
359 321 526 360 cultores
546 322 627 360 eius
647 326 774 360 terrae
806 326 952 371 putant,
982 333 1097 372 quam
1126 323 1379 372 paucissumis

81 375 217 415 dicam.
277 375 469 415 Ceterum
487 376 583 415 fides
614 378 694 416 eius
715 378 771 416 rei
797 388 916 426 penes
945 382 1122 416 auctores
1153 379 1235 416 erit.

49 447 64 472 ⁵
189 431 358 470 Africam
379 432 484 470 initio
506 431 678 470 habuere
700 431 850 471 Gaetuli
871 436 908 470 et
928 431 1081 477 Libues,
1110 434 1236 483 asperi
1256 433 1376 473 incul-
1396 433 1443 473 18

78 487 194 537 tique,
218 488 302 537 quis
331 487 439 526 cibus
470 492 552 526 erat
582 499 672 525 caro
703 487 823 526 serina
846 491 961 537 atque
987 487 1096 526 humi
1117 487 1300 537 pabulum
1323 491 1377 528 uti

77 541 296 592 pecoribus.
329 542 373 581 Ei
394 553 519 592 neque
540 542 714 581 moribus
740 554 864 593 neque
886 541 970 592 lege
992 547 1056 581 aut
1069 543 1234 593 imperio
1251 545 1375 582 cuins·
1391 551 1410 581 2

77 607 192 647 quam
222 597 477 647 regebantur:
510 599 592 647 vagi
623 597 795 647 palantes
825 609 919 648 quas
949 607 1026 636 nox
1057 603 1236 648 coegerat
1266 599 1377 638 sedes

77 651 283 691 habebant.
341 653 407 692 Set
437 658 640 704 postquam
663 655 701 691 in
723 653 901 704 Hispania
927 653 1132 697 Hercules,
1164 654 1276 692 sicuti
1295 654 1410 694 Atria

31 711 231 758 inputant,
262 708 423 751 interiit,
453 709 644 746 exercitus
671 709 763 751 eius,
789 709 1008 758 conpositus
1039 720 1085 747 ex
1114 709 1225 746 variis
1255 710 1377 759 genti-

75 762 172 807 bus,
204 764 344 801 amisso
372 763 469 802 duce
500 775 544 801 ac
571 764 712 812 passim
744 763 872 802 multis
901 763 973 801 sibi
994 764 1156 814 quisque
1171 764 1377 813 imperium

75 817 294 868 petentibus
320 818 428 857 brevi
454 818 646 856 dilabitur.
699 818 755 856 Ex
787 830 832 857 eo
863 830 1027 857 numero
1053 817 1155 857 Medi
1174 824 1211 856 et
1234 818 1410 868 Persae4

76 877 114 912 et
140 873 311 912 Armenii
341 873 501 912 navibus
525 875 563 912 in
586 873 754 912 Africam
777 874 982 912 transvecti
1008 885 1220 923 proxumos
1241 879 1375 912 nostro

74 929 174 967 mari
193 928 300 967 locos
321 940 572 979 occupavere,
597 933 654 967 set
671 929 811 967 Persae
834 930 932 967 intra
953 928 1151 967 Oceanum
1167 931 1289 978 magis
1323 931 1375 968 ei·
1390 935 1410 966 5

29 996 62 1023 ιε
75 995 150 1034 que
171 983 299 1023 alveos
324 985 477 1023 navium
498 985 672 1022 invorsos
692 996 764 1034 pro
785 985 946 1033 tuguriis
967 983 1159 1027 habuere,
1193 985 1281 1034 quia
1307 997 1375 1024 ne-

76 1050 151 1089 que
179 1041 339 1078 materia
363 1041 400 1077 in
429 1040 530 1090 agris
563 1051 689 1090 neque
726 1039 773 1078 ab
804 1039 982 1089 Hispanis
1013 1039 1169 1078 emundi
1198 1045 1264 1078 aut
1291 1052 1375 1079 mu-

74 1093 179 1133 tandi
201 1095 310 1145 copia
332 1099 435 1133 erat:
460 1106 566 1133 mare
587 1105 771 1144 magnum
794 1100 829 1133 et
849 1096 981 1144 ignara
1003 1093 1134 1143 lingua
1155 1096 1376 1134 conmercio

73 1149 344 1200 prohibebant.
416 1150 460 1188 Ei
494 1149 676 1200 paulatim
719 1161 789 1199 per
827 1149 990 1188 conubia
1027 1149 1208 1188 Gaetulos
1245 1158 1412 1190 secnm6

71 1205 284 1250 miscuere,
317 1211 353 1244 et
374 1206 462 1256 quia
492 1217 606 1255 saepe
632 1210 862 1255 temptantes
882 1215 996 1254 agros
1025 1203 1095 1242 alia
1139 1205 1277 1244 deinde
1305 1205 1409 1244 alia7

26 1259 156 1302 zoloca
182 1262 407 1311 petiverant,
440 1267 562 1299 semet
591 1261 663 1311 ipsi
691 1261 875 1299 nomadas
895 1259 1149 1310 adpellavere.
1197 1260 1410 1299 CeterumS

72 1315 199 1355 adhuc
213 1316 383 1355 aedificia
405 1316 660 1355 Numidarum
683 1318 904 1366 agrestium,
928 1327 1025 1366 quae
1047 1315 1210 1366 mapalia
1235 1315 1285 1354 illi
1310 1328 1374 1354 vo-

72 1377 170 1415 cant,
194 1370 371 1420 oblonga,
395 1373 563 1410 incurvis
583 1371 768 1409 lateribus
791 1376 901 1414 tecta,
927 1372 1034 1421 quasi
1049 1372 1202 1409 navium
1221 1371 1374 1410 carinae

70 1431 170 1464 sunt.
222 1426 343 1465 Medis
374 1433 502 1465 autem
533 1431 569 1464 et
599 1428 788 1464 Armeniis
809 1426 1012 1464 adcessere
1040 1425 1181 1464 Libues
1215 1448 1260 1453 —
1284 1429 1408 1464 namo

72 1483 109 1520 ei
136 1482 295 1532 propius
325 1493 431 1520 mare
461 1481 631 1520 Africum
663 1481 874 1531 agitabant,
903 1480 1053 1519 Gaetuli
1084 1480 1154 1519 sub
1183 1479 1263 1519 sole
1293 1492 1375 1520 ma-

25 1554 56 1578 25
71 1538 140 1586 gis,
173 1536 266 1576 haut
285 1536 424 1586 procul
452 1536 499 1575 ab
532 1536 736 1575 ardoribus
763 1559 807 1564 —
832 1537 943 1587 eique
973 1542 1123 1574 mature
1146 1536 1284 1586 oppida
1306 1536 1373 1575 ha·

70 1592 212 1631 buere:
242 1604 331 1631 nam
350 1592 450 1631 freto
475 1592 582 1630 divisi
607 1591 654 1630 ab
677 1592 857 1641 Hispania
880 1597 1031 1630 mutare
1051 1602 1114 1629 res
1134 1592 1233 1630 inter
1256 1602 1298 1630 se
1318 1592 1373 1630 in-

69 1648 283 1686 stituerant.
329 1647 480 1686 Nomen
507 1659 642 1686 eorum
663 1646 845 1697 paulatim
864 1646 1006 1685 Libuos
1027 1658 1259 1696 conrupere,
1283 1645 1372 1685 bar·
1392 1655 1432 1687 10
1468 1672 1471 1678 ι

70 1702 166 1742 bara
195 1702 325 1753 lingua
354 1702 509 1742 Mauros
539 1714 610 1753 pro
642 1702 762 1741 Medis
791 1702 1039 1752 adpellantes.
1099 1701 1166 1740 Set
1192 1713 1255 1740 res
1280 1701 1427 1744 Per-11

69 1769 202 1797 sarum
225 1758 334 1797 hrevi
358 1757 539 1797 adolevit:
570 1769 615 1796 ac
636 1763 769 1808 postea
797 1759 952 1796 nomine
978 1756 1178 1799 Numidae,
1212 1762 1373 1807 propter

23 1830 56 1857 ³0
70 1813 352 1853 multitudinem
380 1826 400 1852 a
416 1812 643 1864 parentibus
663 1813 835 1863 digressi,
859 1812 1067 1862 possedere
1089 1824 1131 1850 ea
1155 1811 1249 1855 loca,
1275 1823 1372 1861 quae

69 1879 259 1918 proxuma
286 1868 515 1919 Carthagine
542 1867 718 1907 Numidia
751 1867 977 1918 adpellatur.
1039 1866 1186 1905 Deinde
1217 1867 1427 1917 utrique1‘2

70 1923 200 1963 alteris
226 1924 314 1963 freti
343 1924 539 1962 finitumos
570 1925 686 1962 armis
710 1929 776 1962 aut
805 1928 910 1962 metu
939 1921 1011 1961 sub
1033 1922 1240 1972 imperium
1259 1933 1374 1961 suum

71 1990 246 2029 coegere,
278 1991 419 2018 nomen
440 1978 679 2029 gloriamque
701 1979 772 2017 sibi
793 1979 994 2022 addidere,
1018 1978 1139 2027 magis
1160 1979 1213 2021 ei,
1239 1979 1304 2028 qui
1326 1978 1374 2016 ad

69 2039 245 2074 nostrum
263 2046 369 2073 mare
386 2039 667 2083 processerant.
687 2035 774 2085 quia
790 2033 932 2072 Libues
949 2045 1063 2084 quam
1081 2032 1231 2071 Gaetuli
1247 2033 1373 2071 minus

23 2102 56 2129 ss
69 2088 254 2128 bellicosi.
290 2089 463 2140 Denique
480 2089 631 2128 Africae
647 2101 737 2139 pars
754 2089 914 2127 inferior
930 2088 1114 2139 pleraque
1135 2087 1182 2126 ab
1199 2087 1373 2126 Numidis

69 2153 247 2194 possessa
269 2150 337 2190 est,
364 2145 451 2183 victi
475 2156 608 2183 omnes
628 2145 666 2182 in
690 2149 845 2193 gentem
866 2155 1086 2195 nomenque
1101 2144 1371 2193 imperantium

71 2211 311 2240 concessere.

180 2255 317 2295 Postea
346 2255 577 2299 Phoenices,
609 2267 697 2306 pars
718 2255 857 2306 imperi
878 2255 1076 2305 cupidine,
1110 2254 1170 2294 alii
1201 2251 1440 2293 multitu-19

139 2319 314 2354 Ssnncsr.
1144 2323 1169 2358 4
