1537 2512
301 87 356 114 m:
379 87 514 114 nanno
538 87 802 115 1vaR⁷ero
826 86 864 114 c.
888 82 963 117 103.
985 81 1064 117 104.
1088 83 1165 116 105.
1305 75 1383 115 103

83 190 148 226 aut
170 184 275 225 utilia
296 190 362 225 aut
381 185 659 224 benivolentiae
690 198 774 225 esse
803 186 1030 231 credebant,
1064 187 1237 225 oratione
1263 186 1383 225 extol-

81 240 187 281 lunt:
216 240 303 280 dein
326 240 430 280 Sulla
453 242 579 279 omnia
597 240 767 291 pollicito
792 242 913 286 docti,
944 253 1019 293 quo
1041 242 1156 281 modo
1182 242 1285 292 apud
1305 242 1382 280 Ma·

81 297 202 340 rium,
224 296 315 336 item
337 296 439 347 apud
460 301 634 336 senatum
658 297 773 337 verba
794 297 988 342 facerent,
1012 299 1165 337 circiter
1186 298 1267 336 dies
1290 310 1382 349 qua-

82 352 256 403 draginta
285 351 428 391 ibidem
457 353 696 403 operiuntur.

46 422 63 447 5
191 406 333 446 Marius
353 407 420 446 ubi
443 407 585 446 infecto
610 409 712 459 quod
727 409 945 448 intenderat
959 410 1114 458 negotio
1131 409 1271 448 Cirtam
1297 422 1358 449 re·
1373 411 1448 450 104

80 461 151 502 diit
171 466 209 501 et
230 462 278 502 de
300 463 466 502 adventu
494 463 709 513 legatorum
743 465 884 504 certior
915 464 1037 503 sactus
1068 470 1137 514 est,
1158 464 1320 517 illosque
1345 472 1382 506 et

80 517 226 557 Sullam
256 519 303 558 ad
333 519 481 558 Uticam
500 520 632 557 venire
661 519 779 565 iubet,
811 521 902 558 item
927 519 968 558 L.
1001 519 1200 559 Bellenum
1225 527 1380 573 praeto-

79 585 186 617 rem,
224 579 426 625 praeterea
454 575 577 612 omnis
606 575 777 626 undique
808 576 991 614 senatorii
1024 576 1188 621 ordinis,
1222 577 1380 627 quibus-

75 641 165 670 cum
186 630 369 669 mandata
397 631 543 669 Bocchi
571 631 784 680 cognoscit.
843 630 999 681 Legatis
1026 635 1198 682 potestas
1226 631 1389 671 Romam
1406 637 1429 671 2

29 694 62 721 ιο
75 685 193 725 eundi
222 687 266 725 fit
295 685 342 724 ab
375 685 553 731 consule,
585 687 734 724 interea
764 685 945 725 induciae
975 686 1289 737 postulabantur.
1335 687 1389 727 Ea

82 740 211 780 Sullae
236 746 273 780 et
293 741 488 792 plerisque
510 739 714 790 placuere:
737 742 850 791 pauci
870 740 1037 779 ferocius
1060 741 1287 786 decernunt,
1311 743 1384 780 sci-

80 796 170 836 licet
197 797 322 846 ignari
349 808 481 835 rerum
502 795 782 841 humanarum,
814 807 912 847 quae
932 795 1059 835 fluxae
1091 801 1128 835 et
1157 796 1320 836 mobiles
1345 798 1382 836 in

81 851 243 891 advorsa
272 863 426 902 semper
456 856 665 890 mutantur.
719 851 898 891 Ceterum
925 850 1049 890 Mauri
1075 853 1275 903 inpetratis
1302 862 1418 893 oin-3

79 907 195 946 nibus
214 912 296 946 tres
324 907 488 946 Romam
517 907 684 957 profecti
715 912 805 946 sunt
830 918 917 946 cum
940 907 1011 946 Gn.
1036 907 1192 946 Octavio
1212 908 1382 951 Rusone,

35 977 69 1002 ιε»
82 963 147 1013 qui
171 966 353 1013 quaestor
373 962 606 1013 stipendium
632 963 669 1000 in
696 962 865 1002 Africam
890 967 1123 1013 portaverat,
1148 963 1224 1002 duo
1246 963 1292 1002 ad
1322 975 1383 1002 re-

80 1029 169 1069 gem
196 1018 372 1058 redeunt.
433 1018 491 1057 Ex
517 1019 570 1056 eis
589 1018 767 1057 Bocchus
798 1030 883 1057 cum
916 1022 1056 1063 cetera,
1088 1023 1170 1057 tum
1203 1031 1383 1058 maxume

79 1074 357 1124 benignitatem
383 1078 420 1112 et
439 1073 607 1112 studium
632 1073 759 1112 Sullae
784 1073 923 1112 lubens
944 1075 1102 1123 accepit.
1158 1073 1417 1126 Romaequei

79 1129 214 1181 legatis
244 1130 345 1175 eius,
375 1134 579 1180 postquam
610 1141 761 1168 errasse
789 1141 922 1180 regem
946 1134 983 1168 et
1003 1129 1213 1179 Iugurthae
1235 1129 1385 1169 scelere

79 1184 231 1236 lapsum
253 1185 450 1236 deprecati
479 1190 588 1229 sunt,
620 1185 824 1223 amicitiam
856 1190 892 1223 et
916 1185 1052 1223 foedus
1071 1185 1292 1235 petentibus
1310 1185 1385 1224 hoc

34 1253 68 1280 κο
80 1240 196 1280 modo
215 1240 495 1291 respondetur:
515 1240 692 1279 ‘Senatus
713 1245 750 1279 et
773 1240 940 1290 populus
956 1239 1154 1279 Romanus
1173 1240 1326 1280 benifici
1349 1245 1386 1279 et

79 1297 241 1336 iniuriae
263 1308 414 1335 memor
438 1307 521 1335 esse
543 1295 651 1335 solet.
699 1295 878 1334 Ceterum
899 1295 1067 1339 Boccho,
1093 1297 1274 1346 quoniam
1295 1308 1385 1347 pae-

79 1352 186 1396 nitet,
213 1351 341 1390 delicti
358 1352 519 1401 gratiam
537 1351 648 1390 sacit:
671 1351 807 1390 foedus
823 1356 860 1389 et
879 1352 1041 1390 amicitia
1069 1351 1276 1395 dabuntur,
1296 1363 1383 1390 cum

80 1407 292 1447 meruerit.'

192 1461 339 1508 Quibus
355 1461 472 1501 rebus
491 1463 650 1511 cognitis
667 1461 844 1500 Bocchus
860 1473 929 1513 per
950 1460 1096 1500 litteras
1113 1473 1133 1500 a
1153 1461 1272 1500 Mario
1294 1473 1361 1512 pe·
1376 1461 1453 1499 105

34 1521 227 1563 25tiverat,
248 1518 304 1557 uti
333 1517 380 1556 ad
410 1529 451 1556 se
479 1518 647 1556 mitteret
673 1517 829 1562 Sullam,
860 1518 968 1556 cuius
996 1517 1183 1556 arbitratu
1205 1517 1252 1556 de
1279 1529 1383 1556 com-

80 1573 263 1614 munibus
292 1574 455 1624 negotiis
484 1572 764 1612 consuleretur.
828 1572 863 1611 Is
894 1574 1033 1612 missus
1069 1584 1156 1611 cum
1193 1573 1419 1623 praesidi02

82 1630 254 1681 equitum
271 1633 384 1679 atque
405 1628 608 1681 [peditum
627 1627 735 1680 item]
756 1628 995 1667 funditorum
1015 1627 1233 1667 Balearium
1249 1641 1257 1666 ε
1274 1640 1385 1678 prae·

80 1691 187 1724 terea
216 1685 296 1723 iere
321 1685 505 1734 sagittarii
527 1690 564 1723 et
594 1684 734 1723 cohors
755 1683 933 1733 Paeligna
963 1696 1052 1723 cum
1082 1683 1303 1722 velitaribus
1324 1696 1386 1722 ar-

81 1741 174 1785 mis,
205 1741 350 1779 itineris
380 1740 615 1791 properandi
636 1751 789 1784 caussa,
811 1752 937 1790 neque
959 1741 1014 1778 eis
1033 1750 1146 1778 secus
1168 1744 1282 1789 atque
1304 1738 1387 1778 aliis

35 1807 69 1835 ao
82 1796 199 1836 armis
229 1795 414 1835 advorsus
440 1795 516 1834 tela
546 1794 712 1834 hostium
749 1795 870 1846 [quod
903 1807 946 1833 ea
978 1794 1073 1833 levia
1096 1792 1214 1845 sunt]
1236 1794 1384 1832 muniti.

81 1851 148 1891 Set
163 1852 201 1890 in
219 1851 354 1890 itinere
373 1852 505 1901 quinto
523 1851 687 1902 denique
708 1851 767 1889 die
785 1849 919 1894 Volux,
938 1849 1037 1889 filius
1053 1848 1208 1893 Bocchi,
1225 1853 1385 1900 repente
1399 1853 1421 1887 3

80 1908 120 1947 in
150 1907 295 1957 campis
324 1905 543 1956 patentibus
565 1918 651 1945 cum
683 1905 786 1944 mille
804 1917 882 1944 non
905 1905 1067 1955 amplius
1088 1904 1280 1955 equitibus
1301 1915 1385 1943 sese

82 1961 266 2006 ostendit,
297 1963 363 2014 qui
385 1967 532 2001 temere
562 1965 599 2001 et
619 1961 738 2001 effuse
761 1965 894 2000 euntes
917 1960 1044 2000 Sullae
1074 1959 1232 2011 aliisque
1262 1961 1384 1998 omni-

82 2016 157 2057 bus
171 2022 210 2056 et
230 2028 436 2056 numerum
452 2028 545 2056 vero
569 2015 795 2067 ampliorem
816 2021 851 2055 et
874 2015 1053 2055 hostilem
1076 2019 1221 2055 metum
1242 2015 1384 2054 efficie-

35 2072 187 2115 abant.
219 2072 340 2123 Igitur
360 2085 400 2111 se
422 2073 582 2123 quisque
600 2072 781 2122 expedire
795 2102 804 2116 ,
822 2084 928 2111 arma
949 2076 1063 2123 atque
1083 2070 1157 2110 tela
1195 2076 1420 2121 temptare⁴

82 2128 304 2168 intendere:
322 2129 436 2166 timor
456 2127 688 2179 aliquantus,
713 2133 771 2167 set
793 2139 881 2177 spes
901 2127 1083 2177 amplior,
1107 2127 1248 2177 quippe
1267 2127 1385 2164 victo-

82 2183 192 2222 ribus
215 2189 252 2223 et
272 2184 457 2223 advorsus
487 2195 552 2222 eos
574 2195 670 2235 quos
695 2194 809 2234 saepe
830 2184 1012 2222 vicerant.
1058 2182 1216 2221 Interim
1240 2181 1421 2232 equites5

82 2238 324 2289 exploratum
341 2240 541 2290 praemissi
557 2251 652 2284 rem,
671 2239 725 2277 uti
742 2243 834 2282 erat,
853 2240 1019 2290 quietam
1036 2239 1223 2276 nuntiant.
1243 2235 1366 2274 Volux
1381 2232 1459 2273 106
