1537 2512
139 49 218 90 122
290 40 499 90 onA'rfkw
528 61 668 90 EPIST.
694 61 754 87 Ex
782 60 1000 89 HISTORIIS
1030 61 1290 90 EXCERPTAE.

137 161 186 199 tis
215 159 350 198 divitiis
374 165 443 204 est,
474 159 565 210 quid
589 159 636 198 ab
655 158 728 198 illis
745 159 821 198 nisi
843 158 974 198 dolum
994 160 1033 198 in
1049 170 1235 209 praesens
1253 166 1290 200 et
1307 167 1443 213 postea

71 221 114 254 20
137 214 282 254 bellum
319 215 522 264 expectas?
551 213 715 254 Romani
753 225 864 253 arma
902 215 942 253 in
979 215 1104 253 omnis
1136 215 1299 261 habent,
1333 229 1442 258 acer-

139 281 252 309 ruma
278 270 317 309 in
347 281 432 315 eos,
463 269 602 321 quibus
630 270 738 309 victis
763 268 887 320 spolia
917 281 1096 310 maxuma
1122 275 1231 309 sunt:
1263 272 1440 312 audendo

75 332 116 364 21
142 330 180 364 et
214 323 386 364 fallundo
423 329 460 364 et
492 324 591 364 bella
624 337 671 363 ex
709 324 824 365 bellis
851 324 1020 364 serundo
1049 326 1179 375 magni
1208 326 1309 366 sacti.
1366 327 1442 368 Per

138 380 244 419 hunc
271 392 421 419 morem
454 380 678 429 extinguent
715 382 843 419 omnia
874 384 940 419 aut
969 381 1163 420 occident:
1210 382 1313 432 quod
1349 382 1471 424 hauts

138 435 293 474 difficile
328 439 403 479 est,
435 435 466 473 si
493 440 534 474 tu
564 435 859 486 Mesopotamia,
897 446 969 474 nos
999 435 1179 475 Armenia
1204 437 1442 489 circumgre-

138 489 265 529 dimur
296 491 508 529 exercitum
533 490 614 529 sine
643 490 862 534 frumento,
885 490 967 530 sine
993 490 1161 536 auxiliis,
1194 490 1350 532 fortuna
1377 497 1444 533 aut

70 553 114 586 22
137 545 280 583 nostris
304 546 402 584 vitiis
427 545 555 584 adhuc
583 544 831 584 incolumem.
859 544 991 597 Teque
1017 545 1079 585 illa
1109 546 1210 586 fama
1237 553 1440 599 sequetur:

139 600 279 639 auxilio
318 601 536 651 profectum
576 601 726 651 magnis
773 599 934 650 regibus
971 600 1142 641 latrones
1171 603 1344 653 gentium
1372 602 1442 642 ob-

71 663 115 697 23
138 656 338 706 pressisse.
384 655 495 702 Quod
532 656 587 694 uti
624 656 741 694 facias
778 667 918 694 moneo
949 655 1182 708 hortorque,
1219 669 1296 697 neu
1331 657 1442 698 malis
1455 668 1486 697 ιι
1533 670 1537 688 ¹

137 711 303 761 pernitie
332 715 464 750 nostra
487 715 590 750 tuam
612 709 806 761 prolatare
837 722 953 762 quam
982 713 1163 752 societate
1193 714 1315 753 victor
1343 713 1439 754 fieri.
1520 705 1537 779 «ᾗ

1526 794 1537 842 ἑ
