1537 2512
146 92 199 132 96
378 103 432 128 nn
461 101 594 128 nmmo
625 100 888 128 1vov1zrn1uo
921 100 954 127 c.
987 94 1131 130 93194.
1161 95 1218 130 95.
1491 0 1537 167 ἲ

147 201 403 244 centuriones
430 200 631 250 omnisque
651 199 782 249 Liguri
806 209 945 248 parere
965 197 1090 243 iubet,
1120 202 1157 237 et
1207 197 1241 236 ei
1285 198 1440 247 negotio
1522 191 1537 249 ᾗ

77 259 128 299 94
147 267 377 307 proxumum
409 254 510 293 diem
531 254 736 293 constituit.
788 253 854 292 Set
885 252 950 292 ubi
980 265 1025 291 ex
1052 256 1260 303 praecepto
1290 255 1441 303 tempus

146 313 263 351 visum
276 341 285 355 ,
307 311 449 360 paratis
470 310 754 359 conpositisque
774 307 952 346 omnibus
973 307 1020 347 ad
1044 307 1172 347 locum
1193 307 1331 358 pergit.
1370 306 1439 346 Ce-

143 372 270 406 terum
299 365 372 410 illi,
403 365 467 416 qui
494 365 691 403 escensuri
714 367 841 407 erant,
870 363 1068 414 praedocti
1098 362 1145 401 ab
1175 362 1293 407 duce,
1334 373 1441 401 arma

144 426 399 471 ornatumque
430 423 689 463 mutaverant,
729 419 852 469 capite
879 423 994 469 atque
1022 417 1185 468 pedibus
1217 417 1347 461 nudis,
1385 418 1469 456 utis

143 480 371 528 prospectus
400 476 582 525 nisusque
611 485 681 524 per
712 485 801 512 saxa
839 473 985 512 facilius
1024 473 1140 512 soret:
1179 483 1295 522 super
1332 478 1441 521 terga

143 531 256 581 gladii
276 535 312 570 et
332 534 457 574 scuta,
479 541 614 569 verum
635 540 678 568 ea
702 528 902 567 Numidica
926 540 973 568 ex
994 529 1126 572 coriis,
1150 527 1331 578 ponderis
1354 539 1440 578 gra-

108 595 128 626 2
143 587 193 625 tia
214 585 326 625 simul
352 590 389 624 et
416 584 575 624 obtensa
599 596 675 635 quo
697 583 815 623 levius
837 588 1065 634 streperent.
1117 583 1236 632 Igitur
1258 593 1441 632 praegre-

143 642 250 681 diens
271 641 386 692 Ligus
407 652 496 678 saxa
517 644 555 678 et
584 641 615 678 si
636 651 734 691 quae
756 643 926 678 vetustae
952 638 1102 677 radices
1125 636 1346 677 eminebant
1387 637 1442 676 la-

143 697 251 748 queis
270 695 471 739 vinciebat,
501 694 642 746 quibus
664 694 824 733 adlevati
845 693 984 733 milites
1005 693 1152 732 facilius
1173 692 1438 737 escenderent,
1454 706 1486 734 ιο

143 752 336 791 interdum
358 750 510 789 tImidos
541 749 741 789 insolentia
771 750 916 788 itineris
936 748 1063 788 levare
1085 760 1221 788 manu:
1241 747 1308 787 ubi
1329 747 1442 798 paulo

144 808 317 857 asperior
341 805 548 844 adscensus
575 810 676 850 erat,
707 803 877 854 singulos
900 816 994 854 prae
1014 816 1056 843 se
1080 805 1250 843 inermos
1277 804 1441 847 mittere,

145 861 283 900 deinde
304 863 385 911 ipse
408 872 494 899 cum
517 859 671 899 illorum
692 861 807 899 armis
828 860 956 910 sequi:
979 871 1076 910 quae
1099 859 1213 898 dubia
1234 859 1321 898 nisu
1340 857 1442 897 vide-

144 916 297 960 bantur,
320 917 553 966 potissumus
574 920 775 966 temptare,
800 926 843 954 ac
867 915 1018 964 saepius
1040 914 1174 953 eadem
1202 913 1444 953 adscendens

144 971 480 1021 descendensque,
519 970 606 1009 dein
637 971 762 1008 statim
799 969 1036 1020 digrediens,
1069 971 1206 1008 ceteris
1246 969 1444 1009 audaciam
1459 983 1488 1009 15

112 1036 131 1070 3
146 1026 300 1066 addere.
342 1025 460 1076 Igitur
483 1025 545 1064 diu
567 1024 808 1075 multumque
838 1025 980 1075 fatigati
1006 1025 1159 1064 tandem
1180 1026 1218 1064 in
1247 1023 1444 1063 castellum

145 1082 385 1133 perveniunt,
417 1081 613 1119 desertum
642 1080 688 1118 ab
718 1092 760 1119 ea
780 1085 901 1130 parte,
936 1080 1039 1130 quod
1070 1092 1215 1125 omues,
1239 1080 1338 1118 sieut
1365 1077 1444 1117 aliis

145 1136 302 1181 diebus,
334 1136 540 1174 advorsum
571 1135 691 1174 hostis
720 1135 891 1174 aderant.
951 1135 1094 1174 Marius
1132 1135 1197 1174 ubi
1227 1147 1273 1175 ex
1302 1135 1445 1173 nuntiis

146 1204 245 1243 quae
275 1191 391 1241 Ligus
425 1196 558 1240 egerat
587 1191 781 1240 cognovit,
816 1202 1048 1241 quamquam
1078 1195 1157 1229 toto
1188 1190 1248 1230 die
1277 1191 1444 1229 intentos

144 1246 291 1297 proeHo
322 1246 503 1285 Numidas
532 1245 739 1289 habuerat,
769 1251 849 1284 tum
876 1257 967 1284 vero
998 1246 1220 1285 cohortatus
1241 1244 1378 1284 milites
1409 1249 1489 1286 etz»

145 1303 225 1352 ipse
267 1306 373 1339 extra
412 1301 542 1338 vineas
581 1312 779 1350 egressus,
823 1302 1019 1341 testudine
1057 1306 1139 1340 acta
1169 1300 1379 1340 succedere
1408 1304 1446 1339 et

145 1355 257 1395 simul
278 1356 427 1395 hostem
449 1356 648 1394 tormentis
665 1356 945 1406 sagittariisque
968 1361 1004 1394 et
1022 1355 1280 1395 funditoribus
1297 1357 1445 1395 eminus

111 1419 127 1448 -t
147 1417 307 1450 terrere.
358 1412 406 1450 At
432 1410 620 1450 Numidae
647 1422 761 1460 saepe
783 1415 893 1449 antea
923 1412 1041 1450 vineis
1061 1411 1326 1451 Romanorum
1353 1409 1444 1450 sub-

146 1467 285 1512 vorsis,
313 1467 404 1506 item
430 1467 594 1505 incensis
616 1477 692 1504 non
714 1465 857 1504 castelli
877 1466 1080 1505 moenibus
1101 1478 1184 1506 sese
1205 1466 1442 1510 tutabantur,

145 1527 202 1561 set
232 1534 302 1572 pro
330 1533 443 1560 muro
474 1521 553 1560 dies
577 1522 777 1566 noctisque
802 1523 962 1572 agitare,
995 1521 1093 1561 male
1113 1522 1242 1561 dicere
1262 1521 1490 1561 Romanisas

144 1589 189 1615 ac
201 1577 323 1616 Mario
344 1576 588 1614 vaecordiam
623 1575 835 1620 obiectare,
862 1576 1045 1616 militibus
1074 1579 1214 1616 nostris
1235 1576 1444 1628 Iugurthae

110 1640 129 1672 5
145 1633 341 1671 servitium
363 1633 520 1676 minari,
542 1631 720 1670 secundis
740 1632 858 1670 rebus
880 1631 1030 1672 seroces
1052 1645 1147 1673 esse.
1181 1633 1339 1673 Interim
1362 1645 1443 1672 om·

143 1686 268 1731 nibus,
295 1686 476 1725 Romanis
498 1686 765 1737 hostibusque,
790 1687 936 1736 proelio
960 1688 1125 1733 intentis,
1147 1700 1286 1739 magna
1309 1689 1442 1727 utrim-

144 1754 218 1792 que
240 1743 273 1780 vi
294 1754 364 1792 pro
387 1741 507 1792 gloria
529 1747 641 1792 atque
658 1743 908 1794 imperiohiS,
931 1742 1002 1780 illis
1031 1755 1100 1793 pro
1122 1743 1242 1783 salute
1263 1745 1443 1783 certanti-

143 1796 227 1841 bus,
259 1802 420 1847 repeute
450 1810 470 1835 a
502 1803 609 1848 tergo
638 1799 746 1846 signa
775 1809 933 1836 canere:
966 1810 1009 1836 ac
1041 1800 1165 1848 primo
1195 1799 1377 1838 mulieres
1407 1803 1489 1842 etse

143 1853 271 1902 pueri,
305 1854 368 1903 qui
389 1854 508 1891 visum
528 1858 817 1903 processerant,
852 1853 1007 1903 sugere,
1041 1854 1178 1894 deiude
1208 1856 1262 1894 uti
1283 1855 1443 1905 quisque

143 1919 253 1946 muro
277 1920 489 1958 proxumus
512 1914 604 1953 erat,
628 1912 823 1958 postremo
856 1910 994 1953 cuncti,
1021 1911 1156 1949 armati
1185 1910 1441 1961 inermesque.

107 1962 253 2008 oQuod
288 1962 352 2002 ubi
390 1964 546 2008 accidit,
580 1976 625 2003 eo
655 1964 781 2002 aerius
809 1963 972 2002 Romani
1003 1965 1165 2009 instare,
1207 1965 1368 2005 sundere
1399 1977 1444 2004 ac

144 2017 350 2068 plerosque
388 2023 534 2057 tantum
573 2019 687 2057 modo
718 2020 911 2063 sauciare,
951 2020 1038 2059 dein
1067 2033 1185 2071 super
1226 2022 1443 2061 occisorum

147 2084 310 2123 corpora
335 2075 491 2118 vadere,
521 2075 616 2113 avidi
637 2073 780 2124 gloriae
803 2079 994 2114 certantes
1015 2089 1168 2116 murum
1188 2081 1341 2127 petere,
1375 2087 1441 2116 ne·
1456 2090 1488 2118 ss

108 2133 127 2165 7
145 2140 218 2178 que
239 2141 470 2180 quemquam
492 2131 662 2168 omnium
689 2130 830 2180 praeda
853 2132 1008 2170 morari.
1057 2133 1118 2171 Sic
1141 2131 1238 2172 sorte
1260 2138 1441 2172 com-ecta

144 2183 237 2222 Mari
268 2186 461 2224 temeritas
493 2185 651 2235 gloriam
685 2198 729 2224 ex
762 2185 873 2235 culpa
905 2187 1056 2227 invenit.

77 2239 128 2277 95
256 2239 434 2279 Ceterum
465 2241 555 2279 dum
586 2253 629 2280 ea
659 2252 720 2279 res
752 2242 916 2291 geritur,
951 2242 990 2281 L.
1013 2242 1116 2282 Sulla
1147 2248 1327 2294 quaestor
1354 2255 1442 2284 cum
