1537 2512
286 97 342 122 nn
372 96 602 123 cmmmAn
635 95 955 123 commin-roma:
985 95 1022 122 c.
1051 89 1109 124 52.
1292 84 1342 123 29

50 192 112 232 alii
133 194 236 232 varie
261 192 585 232 adsentiebantur.
630 194 678 232 At
703 194 753 232 M.
775 193 934 232 Porcius
951 191 1054 237 Cato,
1081 198 1238 243 rogatus
1257 206 1343 234 sen-

51 249 227 292 tentiam,
258 249 418 287 huiusce
440 248 543 286 modi
564 250 775 287 orationem
796 248 946 287 habuit:

163 302 306 352 ‘Longe
331 303 511 343 mihialia
535 315 645 342 mens
667 308 743 348 est,
765 309 893 354 patres
915 303 1139 354 conscripti,
1172 317 1259 343 cum
1280 317 1342 345 res
1356 319 1376 349 2

52 361 166 408 atque
185 357 356 407 pericula
375 363 505 396 nostra
534 359 747 402 considero,
782 363 818 397 et
843 370 930 397 cum
950 359 1156 398 sententias
1177 361 1342 400 nonnul-

21 411 179 450 5lorum
208 413 289 463 ipse
318 425 471 452 mecum
500 418 652 463 reputo.
707 413 763 452 Illi
791 413 883 452 mihi
912 413 1138 453 disseruisse
1167 415 1375 461 videntur3

55 467 102 506 de
123 478 248 517 poena
278 480 433 512 eorum,
465 469 530 519 qui
558 469 703 518 patriae
730 468 973 519 parentibus,
1005 469 1081 506 aris
1111 473 1225 520 atque
1249 470 1343 511 focis

51 522 129 560 suis
150 521 295 561 bellum
318 535 523 573 paravere:
550 535 613 562 res
635 528 762 562 autem
788 528 919 562 monet
940 535 1075 562 cavere
1098 524 1145 562 ab
1171 524 1242 563 illis
1262 538 1342 566 ma-

50 577 108 626 gis
138 589 253 628 quam
281 578 372 628 quid
402 579 440 616 in
470 577 555 616 illos
584 583 798 618 statuamus
827 577 1055 617 consultare.
1090 579 1184 618 Nam
1216 585 1342 621 cetera
1356 593 1376 623 -ι

60 631 235 671 malificia
259 637 338 671 tum
364 644 617 683 persequare,
650 633 716 672 ubi
740 634 837 672 sacta
862 638 975 672 sunt:
1004 632 1090 677 hoc,
1123 635 1193 673 nisi
1216 638 1342 685 provi-

6 699 37 725 ,ο
51 687 153 725 deris
175 699 223 725 ne
260 688 424 731 accidat,
448 688 514 726 ubi
540 690 683 732 evenit,
706 689 848 727 frustra
868 688 1005 727 iudicia
1021 688 1209 739 inplores:
1233 697 1341 741 capta

50 741 148 781 urbe
177 742 270 781 nihil
299 743 341 782 fit
370 743 504 782 relicui
534 744 651 782 victis.
704 744 780 788 Set,
812 755 881 794 per
907 743 999 781 deos
1018 743 1247 789 inmortalis,
1275 756 1375 786 voss

50 807 122 846 ego
145 797 307 849 adpello,
335 799 398 849 qui
420 809 574 849 semper
595 799 729 837 domos
750 798 872 843 villas,
897 799 1003 848 signa
1024 797 1175 837 tabulas
1196 805 1342 840 vostras

51 851 172 901 pluris
203 864 318 903 quam
347 865 430 892 rem
460 853 654 904 publicam
686 854 846 892 fecistis:
886 854 916 892 si
947 854 1035 897 ista,
1068 854 1342 907 cuiuscumque

48 907 152 946 modi
173 913 261 947 sunt
281 919 379 959 quae
399 907 688 959 amplexamini,
714 910 901 953 retinere,
935 910 965 946 si
993 907 1249 958 voluptatibus
1278 924 1342 949 vo-

5 972 36 999 15
48 963 138 1001 stris
165 964 284 1002 otium
308 963 497 1015 praebere
521 964 641 1007 voltis,
668 964 974 1014 expergiscimini
989 963 1192 1014 aliquando
1223 970 1260 1004 et
1281 978 1341 1005 ca-

48 1018 189 1067 pessite
221 1031 304 1057 rem
333 1018 538 1069 publicam.
594 1019 677 1058 Non
709 1021 834 1069 agitur
864 1019 909 1058 de
940 1018 1189 1067 vectigalibus
1215 1029 1376 1072 nequet}

48 1072 96 1111 de
119 1074 314 1113 sociorum
336 1075 502 1113 iniuriis:
535 1073 694 1113 libertas
716 1079 752 1113 et
773 1075 896 1112 anima
918 1078 1046 1112 nostra
1076 1075 1113 1112 in
1134 1074 1249 1114 dubio
1272 1081 1340 1115 est.

158 1128 464 1179 Saepenumero,
497 1134 626 1179 patres
657 1131 881 1180 conscripti,
913 1128 1030 1168 multa
1059 1128 1173 1168 verba
1203 1131 1241 1168 in
1264 1130 1371 1171 hoc7

48 1182 183 1222 ordine
204 1183 298 1228 feci,
331 1196 446 1234 saepe
466 1185 512 1223 de
539 1184 690 1223 luxuria
717 1189 831 1235 atque
860 1185 1014 1223 avaritia
1043 1189 1265 1224 nostrorum
1291 1188 1341 1225 ci-

1 1239 149 1277 zovium
180 1244 338 1290 questus
358 1251 465 1284 sum,
495 1239 710 1291 multosque
740 1238 909 1278 mortalis
939 1251 982 1279 ea
1014 1252 1127 1278 causa
1159 1240 1342 1279 advorsos

46 1293 191 1332 liabeo:
223 1295 288 1345 qui
318 1294 410 1333 mihi
435 1300 549 1346 atque
579 1296 705 1333 animo
726 1307 812 1334 meo
838 1294 978 1334 nullius
1005 1305 1188 1345 umquam
1217 1295 1375 1336 delictis

47 1349 207 1400 gratiam
236 1349 432 1394 fecissem,
469 1350 562 1389 haut
604 1349 713 1389 facile
744 1349 899 1389 alterius
927 1349 1088 1389 lubidini
1118 1349 1215 1389 male
1244 1351 1340 1390 facta

47 1404 325 1443 condonabam.
381 1405 446 1444 Set
471 1417 513 1443 ca
539 1406 689 1444 tametsi
715 1417 781 1443 vos
806 1407 912 1455 parvi
943 1403 1180 1455 pendebatis,
1212 1410 1373 1447 tament)

47 1471 110 1498 res
139 1458 294 1511 publica
324 1460 433 1498 firma
466 1465 567 1499 erat:
603 1460 795 1511 opulentia
827 1459 1108 1510 neglegentiam
1139 1459 1338 1500 tolerabat.

1 1514 158 1554 2⁵Nunc
187 1527 278 1553 vero
306 1527 382 1553 non
408 1516 445 1554 id
475 1516 610 1565 agitur,
642 1514 801 1553 bonisne
832 1527 878 1553 an
908 1515 1015 1554 malis
1040 1514 1211 1554 moribus
1237 1516 1335 1555 viva·
1356 1524 1396 1557 10

49 1581 147 1614 mus,
170 1581 296 1621 neque
317 1576 502 1621 quantum
524 1575 589 1609 aut
608 1582 722 1621 quam
738 1571 983 1620 magnificum
994 1571 1200 1620 imperium
1211 1571 1342 1622 populi

46 1624 209 1664 Romani
234 1626 300 1669 sit,
332 1630 390 1664 set
418 1625 514 1665 haec
545 1627 821 1677 cuiuscumque
851 1626 954 1664 modi
983 1625 1178 1669 videntur,
1211 1631 1340 1666 nostra

46 1691 94 1718 an
123 1679 324 1719 nobiscum
345 1693 421 1720 una
440 1681 609 1719 hostium
632 1681 758 1719 sutura
786 1682 871 1719 sint.
931 1681 1002 1719 Hic
1025 1679 1117 1719 mihi
1138 1681 1338 1731 quisquam
1354 1687 1392 1719 11

46 1736 379 1774 mansuetudinem
415 1741 452 1775 et
493 1736 795 1775 misericordiam
834 1737 1015 1775 nominat.
1082 1735 1160 1773 lam
1190 1736 1339 1785 pridem

0 1797 33 1825 ³0
47 1790 223 1840 equidem
253 1802 324 1829 nos
354 1803 443 1830 vera
479 1790 661 1830 vocabula
698 1803 828 1830 rerum
864 1792 1084 1830 amisimus:
1122 1792 1208 1841 quia
1240 1790 1340 1830 hona

47 1845 168 1884 aliena
191 1844 322 1895 largiri
351 1845 569 1890 liberalitas,
592 1845 780 1885 malarum
810 1858 941 1884 rerum
969 1846 1127 1885 audacia
1157 1845 1339 1885 fortitudo

47 1904 224 1945 vocatur,
266 1912 310 1939 eo
340 1912 404 1940 res
433 1901 586 1952 publica
616 1902 654 1939 in
685 1906 856 1939 extremo
886 1902 954 1939 sita
987 1906 1054 1939 est.
1125 1900 1207 1939 Sint
1233 1912 1337 1945 sane,
1357 1915 1397 1946 12

47 1956 226 2005 quoniam
244 1956 293 1994 ita
310 1966 350 1994 se
369 1967 497 1995 mores
514 1956 668 2000 habent,
686 1955 863 1994 liberales
881 1968 926 1994 ex
946 1956 1140 1994 sociorum
1162 1955 1336 1999 fortunis.

49 2011 124 2048 sint
154 2011 423 2049 misericordes
454 2012 492 2049 in
520 2011 669 2050 furibus
699 2011 844 2050 aerari:
876 2022 925 2050 ne
950 2010 1001 2049 illi
1024 2011 1249 2061 sanguinem
1271 2023 1339 2049 no-

0 2073 33 2100 ³5
46 2070 168 2104 strum
185 2065 396 2114 largiantur
413 2067 557 2112 et‚duu¹
571 2067 701 2117 paucis
718 2065 912 2105 sceleratis
930 2071 1105 2116 pareunt,
1123 2065 1245 2104 bonos
1259 2078 1339 2105 om-

47 2121 106 2159 nis
135 2119 328 2170 perditum
358 2125 456 2159 eant.

158 2175 262 2214 Bene
288 2180 325 2214 et
345 2176 541 2226 conposite
562 2176 606 2216 G.
630 2176 769 2215 Caesar
799 2175 914 2226 paulo
945 2181 1032 2214 ante
1054 2177 1091 2214 in
1111 2175 1185 2214 hoc
1205 2175 1338 2215 ordine
1357 2181 1393 2212 13

47 2229 94 2268 de
115 2231 186 2269 vita
219 2235 254 2269 et
275 2235 399 2270 morte
420 2231 609 2275 disseruit,
638 2231 752 2270 credo
779 2231 870 2270 salsa
897 2231 1130 2270 existumans
1156 2243 1211 2271 ea.
1241 2243 1336 2281 quae
