1537 2512
321 117 378 143 m:
403 115 539 143 nanno
572 116 837 144 wevnrnmo
869 115 904 142 c.
925 111 979 145 14.
1013 112 1068 145 15.
1290 105 1342 144 47

45 220 112 254 aut
139 214 243 266 apud
274 214 367 254 deos
386 212 600 253 inmortalis
629 225 761 253 rerum
783 214 1041 254 humanarum
1063 226 1155 253 cura
1177 215 1343 254 oriatur:

45 281 94 310 ne
114 269 198 315 ille,
221 271 286 321 qui
306 281 409 308 nunc
428 268 640 308 sceleribus
664 270 742 308 suis
762 269 872 309 ferox
893 276 1008 320 atque
1029 269 1252 320 praeclarus
1274 276 1342 315 est,

46 324 225 364 omnibus
245 323 354 364 malis
383 324 624 364 excruciatus
654 325 844 375 inpietatis
864 327 902 365 in
921 329 1123 376 parentem
1153 330 1342 371 nostrum,

45 381 174 420 fratris
213 381 288 420 mei
329 381 435 419 necis
474 390 727 430 mearumque
766 382 1010 420 miseriarum
1046 381 1171 430 gravis
1202 392 1346 431 poenas

17 445 32 469 ⁵
46 435 193 476 reddat.

157 491 335 534 Iamiam,
367 490 485 529 frater
507 491 633 529 animo
654 502 740 530 meo
765 492 993 535 carissume‚
1019 501 1252 541 quamquam
1277 490 1400 529 tibi22

44 547 257 590 inmaturo,
290 550 328 584 et
355 545 456 585 unde
478 546 649 585 minume
671 546 821 590 decuit,
854 548 927 586 vita
956 552 1086 596 erepta
1109 551 1185 590 est,
1215 550 1345 585 tamen

45 601 265 641 laetandum
286 601 407 650 magis
438 613 552 651 quam
581 601 788 640 dolendum
815 607 909 652 puto
940 613 1071 641 casum
1103 606 1234 640 tuum:
1266 613 1345 640 non
1357 607 1402 640 23

47 658 148 697 enim
169 667 353 707 regnum,
384 661 441 696 set
461 657 592 707 fugam
614 656 768 696 exilium
795 663 1005 703 egestatem
1042 664 1081 698 et
1118 658 1245 698 omnis
1276 657 1346 696 has

0 722 32 749 ιο
47 725 145 764 quae
175 724 237 751 me
266 717 449 763 premunt
479 723 684 751 aerumnas
705 724 793 751 cum
817 714 942 752 anima
963 711 1075 751 simul
1097 713 1266 751 amisisti.
1299 714 1347 751 At

47 779 118 818 ego
140 767 288 813 infelix,
312 768 472 806 intanta
493 767 590 806 mala
614 768 887 818 praecipitatus
907 781 953 807 ex
975 767 1099 818 patrio
1124 778 1259 817 regno,
1283 779 1346 806 re-

45 835 133 862 rum
154 823 412 862 humanarum
432 821 693 873 spectaculum
715 822 896 873 praebeo,
919 825 1088 862 incertus
1110 823 1201 873 quid
1221 833 1346 873 agam,

45 883 181 918 tuasne
206 879 364 917 iniurias
386 889 598 929 persequar
623 879 704 928 ipse
735 878 850 917 auxili
871 889 999 928 egens,
1027 889 1075 916 an
1101 889 1222 928 regno
1252 890 1345 917 con-

46 933 182 979 sulam,
200 934 308 973 cuius
324 934 421 972 vitae
438 934 620 984 necisque
636 939 804 984 potestas
821 946 867 973 ex
884 934 1022 984 opibus
1041 933 1174 972 alienis
1190 934 1343 984 pendet.

1 998 34 1024 1⁶
46 989 200 1029 Utinam
221 990 342 1028 emori
371 988 535 1028 fortunis
555 990 650 1028 meis
668 989 853 1028 honestus
875 991 997 1028 exitus
1019 994 1131 1033 esset„
1155 1000 1232 1028 neu
1262 990 1346 1028 iure
1361 995 1403 1026 24

48 1049 291 1095 contemptus
311 1043 475 1089 viderer,
499 1045 530 1083 si
551 1044 723 1083 defessus
744 1044 853 1083 malis
875 1045 1036 1084 iniuriae
1057 1045 1345 1083 concessissem.

46 1100 162 1140 Nunc
188 1111 315 1151 neque
341 1100 469 1139 vivere
496 1099 604 1139 lubet
631 1111 757 1151 neque
788 1101 887 1138 mori
918 1099 1006 1138 licet
1036 1101 1117 1138 sine
1141 1099 1344 1139 dedecore.

158 1155 293 1195 Patres
318 1156 539 1205 conscripti,
569 1166 640 1206 per
664 1167 742 1200 vos,
773 1166 844 1205 per
870 1154 1015 1194 liberos
1037 1161 1151 1206 atque
1178 1155 1348 1205 parentis
1362 1156 1405 1188 25

46 1217 216 1255 vostros,
247 1222 318 1261 per
339 1211 576 1249 maiestatem
603 1210 735 1261 populi
757 1210 932 1261 Romani,
942 1210 1141 1250 subvenite
1162 1210 1255 1248 mihi
1278 1211 1347 1248 mi-

2 1279 156 1312 wsero,
193 1267 244 1306 ite
277 1265 427 1305 obviam
457 1266 640 1310 iniuriae,
680 1265 797 1305 nolite
826 1266 904 1316 pati
932 1276 1097 1315 regnum
1132 1265 1345 1309 Numidiae,

50 1321 154 1374 quod
173 1326 345 1360 vostrum
366 1326 433 1366 est,
461 1333 530 1372 per
552 1320 676 1360 scelus
699 1326 736 1361 et
759 1322 986 1371 sanguinem
1010 1320 1172 1360 familiae
1194 1325 1349 1359 nostrae

48 1377 275 1417 tabescere.'

159 1433 368 1483 Postquam
397 1444 465 1471 rex
495 1432 610 1470 finem
638 1430 820 1481 loquendi
851 1431 958 1475 fecit,
988 1430 1102 1481 legati
1128 1431 1349 1481 Iugurthae,
1367 1434 1416 1472 15

49 1489 251 1539 largitione
266 1488 512 1538 magisquam
534 1497 649 1524 causa
672 1486 770 1530 freti,
785 1487 916 1536 paucis
926 1487 1173 1536 respondent:
1191 1486 1348 1536 Hiemp-

4 1555 37 1580 25
50 1543 170 1584 salem
200 1543 249 1582 ob
283 1543 476 1582 saevitiam
499 1554 607 1580 suam
629 1541 676 1580 ab
705 1541 880 1580 Numidis
902 1541 1168 1580 intersectum:
1198 1541 1348 1580 Adher-

49 1599 178 1639 balem
206 1598 308 1638 ultro
345 1597 488 1637 bellum
518 1597 768 1641 inferentem,
808 1602 1012 1647 postquam
1053 1602 1258 1647 superatus
1288 1599 1348 1641 sit,

51 1655 162 1706 queri
191 1653 294 1705 quod
323 1654 500 1693 iniuriam
529 1652 656 1691 facere
675 1653 926 1702 nequivisset:
962 1652 1188 1702 Iugurtham
1215 1652 1262 1691 ab
1292 1664 1350 1692 se-

50 1716 144 1750 natu
172 1714 326 1760 petere,
357 1721 405 1748 ne
429 1720 470 1747 se
497 1707 611 1747 alium
629 1712 820 1758 putarent,
850 1719 894 1746 ac
918 1706 1145 1747 Numantiae
1176 1709 1352 1757 cognitus

53 1770 164 1811 esset,
194 1777 270 1804 neu
301 1763 418 1804 verba
446 1764 587 1802 inimici
618 1767 705 1802 ante
729 1763 827 1802 facta
857 1773 924 1801 sua
955 1768 1156 1812 ponerent.
1207 1762 1386 1802 Deinde2

6 1831 39 1859 3ο
53 1821 206 1873 utrique
228 1821 333 1860 curia
355 1819 618 1870 egrediuntur.
657 1818 820 1857 Senatus
842 1819 967 1856 statim
990 1817 1213 1857 consulitur.
1253 1818 1282 1856 F
1285 1830 1352 1856 au-

51 1882 156 1915 tores
184 1875 422 1925 legatorum,
461 1879 661 1925 praeterea
692 1872 884 1925 [senatus]
916 1883 1054 1922 magna
1084 1884 1193 1923 pars,
1232 1873 1350 1922 gratia

54 1932 271 1982 depravata,
294 1929 522 1969 Adherbalis
543 1929 641 1968 dieta
661 1934 922 1972 contemnere,
947 1927 1154 1977 Iugurthae
1175 1928 1352 1967 virtutem

54 1985 238 2027 extollere
257 1984 454 2024 laudibus:
476 1986 596 2034 gratia
620 1997 729 2028 voce,
751 1984 915 2034 denique
938 1982 1117 2021 omnibus
1138 1983 1262 2022 modis
1281 1995 1353 2033 pro

55 2041 178 2082 alieno
199 2039 346 2080 scelere
376 2046 412 2079 et
441 2040 604 2090 flagitio,
637 2051 703 2078 sua
731 2040 837 2089 quasi
859 2050 930 2088 pro
953 2038 1092 2089 gloria,
1119 2039 1352 2078 nitebantur.

9 2099 102 2137 ssAt
122 2102 256 2136 contra
275 2097 399 2147 pauci,
423 2095 561 2146 quibus
581 2094 728 2133 bonum
751 2099 788 2133 et
803 2105 938 2133 aecum
960 2093 1096 2132 divitiis
1119 2095 1244 2133 carius
1259 2098 1351 2138 erat,
1367 2101 1388 2134 3

55 2151 364 2192 subveniundum
387 2149 594 2190 Adherbali
617 2155 653 2189 et
677 2148 904 2199 Hiempsalis
928 2154 1092 2188 mortem
1113 2162 1246 2189 severo
1273 2156 1353 2187 vin-

57 2208 258 2247 dicandam
289 2206 508 2250 censebant,
532 2211 589 2244 set
619 2218 663 2244 ex
696 2205 873 2243 omnibus
897 2216 1075 2243 maxume
1099 2204 1147 2243 M.
1172 2204 1354 2244 Aemilius

57 2264 249 2307 Scaurus,
281 2263 397 2302 homo
422 2261 578 2305 nobilis,
608 2262 757 2311 inpiger
781 2260 979 2304 factiosus,
1010 2259 1139 2298 avidus
1161 2260 1353 2311 potentiae
