1537 2512
227 80 282 106 nn
314 79 541 106 caraman
575 79 894 107 comvuxmomz
927 79 962 106 c.
997 74 1050 108 12.
1084 73 1139 108 13,
1172 75 1226 107 14.
1359 86 1367 105 a

75 190 143 218 rae
163 179 331 229 pretium
355 184 435 222 est,
463 189 551 217 cum
574 178 709 217 domos
733 182 848 228 atque
869 176 975 216 villas
997 178 1227 228 cognoveris
1248 178 1286 216 in
1309 190 1376 216 ur-

73 233 182 273 bium
209 233 368 272 modum
398 233 684 278 exaedificatas,
723 234 848 272 visere
877 232 1020 283 templa
1053 232 1236 276 deorum,
1277 245 1376 284 quae

74 290 197 328 nostri
216 289 394 333 maiores,
421 287 714 338 religiosissumi
743 287 936 332 mortales,
960 287 1101 327 fecere.
1152 287 1296 327 Verum
1324 288 1411 331 illi4

76 343 238 384 delubra
274 343 438 383 deorum
472 345 633 394 pietate,
671 344 806 383 domos
844 354 933 382 suas
971 342 1094 392 gloria
1126 342 1374 388 decorabant,

46 411 202 450 bneque
222 400 330 438 victis
349 400 555 450 quicquam
577 404 731 450 praeter
752 399 914 437 iniuriae
931 398 1125 437 licentiam
1147 397 1373 448 eripiebant.

75 455 124 494 At
149 454 189 493 hi
211 459 346 493 contra
365 455 613 504 ignavissumi
634 455 811 493 homines
835 465 905 504 per
931 465 1125 492 summum
1147 453 1273 493 scelus
1295 466 1375 493 om-
1390 465 1410 497 5

74 511 138 548 nia
169 522 213 549 ea
244 511 358 548 sociis
388 509 577 554 adimere,
622 522 720 561 quae
750 509 964 548 fortissumi
992 510 1062 547 viri
1093 510 1257 548 victores
1287 509 1376 549 reli-

77 570 260 616 querant:
283 565 447 616 proinde
468 566 576 616 quasi
597 566 775 604 iniuriam
802 564 931 604 facere
951 565 989 603 id
1017 564 1172 603 demum
1195 569 1295 604 esset
1309 565 1381 603 im·

75 621 185 671 perio
207 621 274 659 uti.
319 620 415 659 Nam
441 620 532 671 quid
559 633 603 659 ea
623 632 849 664 memorem,
883 632 980 671 quae
1005 621 1077 658 nisi
1094 621 1147 658 eis
1164 620 1230 671 qui
1247 620 1378 660 videre
1396 622 1444 661 13

32 687 65 715 ιο
77 676 222 715 nemini
240 675 436 714 credibilia
452 680 552 721 sunt,
565 689 586 714 a
599 677 756 727 privatis
774 675 1026 725 conpluribus
1041 674 1251 714 subvorsos
1267 687 1376 714 mon-

75 732 142 775 tis,
173 731 295 770 maria
326 737 521 771 constrata
549 743 644 770 esse.
704 730 852 777 Quibus
881 730 975 769 mihi
1005 730 1183 769 videntur
1208 730 1410 770 ludibrio2

77 785 196 825 fuisse
217 786 387 825 divitiae:
420 788 562 837 quippe
594 798 689 838 quas
716 786 878 825 honeste
908 785 1054 824 habere
1082 785 1240 830 licebat,
1275 786 1379 825 abuti

76 853 148 892 per
179 842 457 892 turpitudinem
487 841 764 893 properabant.
817 841 882 880 Set
902 840 1033 879 lubido
1061 842 1201 891 stupri,
1232 846 1412 891 ganeae3

79 898 275 948 ceterique
304 896 429 936 cultus
450 908 530 936 non
552 898 678 936 minor
702 898 936 936 incesserat:
968 897 1038 935 viri
1063 895 1267 935 muliebria
1289 898 1378 947 pati,

33 963 63 989 15
77 951 260 991 mulieres
285 952 508 1002 pudicitiam
538 953 578 991 in
607 951 814 1003 propatulo
843 951 1008 991 habere:
1037 952 1217 991 vescendi
1266 964 1378 992 causa

76 1012 183 1047 terra
199 1009 375 1059 marique
392 1009 518 1046 omnia
545 1009 771 1059 exquirere:
792 1007 962 1046 dormire
988 1008 1095 1057 prius
1118 1019 1233 1057 quam
1256 1010 1382 1047 somni

78 1063 218 1113 cupido
258 1068 378 1107 esset,
418 1074 497 1101 non
531 1063 673 1102 famem
711 1067 777 1102 aut
806 1064 919 1106 sitim,
950 1074 1076 1113 neque
1103 1062 1226 1112 frigus
1255 1075 1380 1115 neque

77 1117 341 1158 lassitudinem
357 1119 542 1168 opperiri,
560 1123 618 1157 set
644 1131 687 1158 ea
713 1119 839 1157 omnia
870 1117 962 1157 luxu
984 1122 1226 1167 antecapere.
1273 1118 1414 1158 Haec4

77 1175 328 1219 iuventutem,
351 1173 417 1212 ubi
444 1173 651 1213 familiares
675 1185 768 1225 opes
789 1173 1023 1217 defecerant,
1057 1173 1104 1211 ad
1129 1172 1301 1212 facinora
1324 1175 1380 1212 in·

32 1239 66 1266 20
80 1228 314 1268 cendebant:
345 1230 494 1268 animus
524 1229 681 1268 inbutus
701 1228 812 1268 malis
838 1228 987 1267 artibus
1018 1228 1112 1267 haut
1141 1228 1252 1268 facile
1278 1228 1376 1268 lubi-
1392 1235 1410 1266 5

79 1283 232 1324 dinibus
254 1284 429 1324 carebat:
452 1296 497 1324 eo
518 1284 714 1335 profusius
735 1283 915 1323 omnibus
932 1283 1055 1323 modis
1072 1285 1246 1334 quaestui
1267 1289 1381 1336 atque

78 1341 250 1390 sumptui
271 1340 421 1379 deditus
442 1346 534 1379 erat.

191 1395 234 1434 ln
249 1399 354 1434 tanta
371 1400 526 1446 tamque
540 1400 729 1446 conrupta
747 1396 895 1434 civitate
913 1394 1082 1437 Catilina,
1100 1395 1137 1433 id
1159 1395 1262 1446 quod
1279 1394 1382 1434 factu
1401 1397 1448 1436 14

81 1450 318 1490 facillumum
341 1455 443 1495 erat,
476 1453 649 1489 omnium
669 1450 904 1500 flagitiorum
931 1455 1045 1499 atque
1069 1449 1286 1488 facinorum
1309 1451 1382 1489 cir-

34 1518 68 1545 2⁵
84 1518 171 1545 cum
197 1517 238 1545 se
267 1511 463 1557 tamquam
489 1507 718 1557 stipatorum
744 1510 916 1544 catervas
944 1504 1124 1544 habebat.
1171 1505 1268 1544 Nam
1299 1507 1415 1557 qui-2

82 1573 248 1612 cumque
283 1561 487 1612 inpudicus
511 1561 661 1600 adulter
692 1571 816 1611 ganeo
841 1572 956 1600 manu
991 1565 1125 1600 ventre
1152 1572 1252 1611 pene
1282 1561 1384 1600 bona

80 1617 205 1668 patria
232 1616 489 1661 laceraverat,
522 1618 664 1668 quique
688 1616 857 1655 alienum
883 1627 948 1654 aes
978 1616 1125 1666 grande
1150 1615 1385 1655 conflaverat

82 1683 159 1724 quo
183 1671 369 1721 flagitium
393 1676 459 1711 aut
479 1672 627 1711 facinus
648 1671 870 1715 redimeret,
894 1676 1096 1721 praeterea
1118 1683 1252 1711 omnes
1272 1671 1383 1711 undi-
1398 1680 1417 1713 3

83 1739 158 1779 que
181 1727 375 1778 paricidae
405 1727 584 1777 sacrilegi
613 1728 775 1766 convicti
799 1727 947 1766 iudiciis
976 1731 1041 1766 aut
1059 1739 1132 1777 pro
1157 1727 1266 1766 factis
1288 1725 1384 1766 iudi-

38 1784 186 1825 socium
216 1783 415 1827 timentes,
443 1783 490 1822 ad
515 1783 591 1821 hoc
617 1794 714 1834 quos
741 1794 881 1821 manus
910 1786 1024 1832 atque
1052 1781 1183 1831 lingua
1213 1783 1385 1832 periurio

84 1843 149 1878 aut
178 1839 364 1887 sanguine
396 1838 493 1877 civili
522 1837 665 1882 alebat,
698 1843 896 1889 postremo
928 1849 1061 1876 omnes
1083 1849 1180 1888 quos
1201 1837 1385 1887 flagitium

85 1898 236 1943 egestas
266 1894 444 1932 conscius
475 1895 624 1932 animus
659 1893 892 1942 exagitabat,
936 1893 970 1931 ei
998 1892 1179 1932 Catilinae
1206 1895 1386 1944 proxumi

85 1948 370 1999 familiaresque
394 1954 516 1987 erant.
574 1948 686 1993 Quod
715 1949 745 1986 si
767 1949 850 1998 quis
871 1948 984 1986 etiam
1011 1960 1028 1986 a
1053 1946 1164 1998 culpa
1184 1960 1327 1988 vacuus
1347 1949 1384 1987 in
1398 1959 1417 1988 4

86 2004 291 2043 amicitiam
313 2004 394 2042 eius
424 2004 629 2048 inciderat,
661 2004 851 2042 cotidiano
874 2014 946 2041 usu
970 2008 1083 2054 atque
1104 2003 1309 2043 inlecebris
1331 2004 1385 2042 sa-

40 2075 73 2102 35
88 2059 159 2098 cile
179 2071 249 2109 par
271 2057 482 2109 similisque
503 2060 641 2098 ceteris
662 2058 910 2097 efficiebatur.
950 2057 1015 2097 Set
1036 2070 1214 2098 maxume
1235 2058 1385 2098 adules—
1403 2071 1423 2102 5

89 2115 256 2153 centium
277 2113 552 2153 familiaritates
568 2113 791 2164 adpetebat:
816 2125 949 2153 eorum
960 2114 1078 2153 animi
1090 2110 1389 2165 molles[aetate]

89 2175 126 2209 et
144 2169 237 2208 fluxi
258 2168 354 2208 dolis
378 2169 472 2208 haut
493 2169 696 2209 difficulter
718 2169 978 2219 capiebantur.
1018 2169 1113 2209 Nam
1135 2174 1176 2209 ut
1201 2171 1386 2221 cuiusque
1400 2177 1422 2210 6

87 2224 256 2264 studium
277 2236 322 2264 ex
344 2230 466 2264 aetate
486 2224 689 2274 flagrabat,
713 2224 794 2263 aliis
814 2230 939 2264 scorta
955 2225 1164 2274 praebere,
1183 2221 1264 2264 aliis
1284 2225 1388 2264 canis
