1537 2512
267 94 323 120 m:
354 92 582 120 CATILINAE
614 93 932 121 commum-tom:
965 94 998 121 c.
1026 89 1084 122 20.
1111 87 1165 123 21.
1314 88 1356 122 11

71 191 203 242 ltaque
225 191 347 229 omnis
367 192 487 240 gratia
507 192 697 242 potentia,
724 191 848 230 honos
871 191 1020 230 divitiae
1044 193 1146 242 apud
1169 190 1253 230 illos
1273 198 1396 231 sum8

70 252 137 285 aut
155 244 222 284 ubi
240 245 292 284 illi
312 245 462 285 volunt:
484 245 596 285 nohis
618 246 813 298 reliquere
828 246 1000 298 pericula
1016 247 1203 297 repulsas,
1222 247 1360 286 iudicia

70 304 290 351 egestatem.
333 301 439 347 Quae
469 313 545 353 quo
575 313 695 352 usque
727 302 882 341 tandem
904 302 1118 353 patiemini,
1151 301 1396 343 fortissumis>

70 356 161 395 viri?
190 367 319 395 nonne
340 357 461 395 emori
479 368 549 407 per
572 357 750 396 virtutem
772 363 951 408 praestat,
975 369 1089 408 quam
1109 359 1222 396 vitam
1246 358 1358 396 mise-

38 423 152 450 sram
175 416 289 462 atque
312 411 564 456 inhonestam,
591 411 656 451 ubi
678 412 823 452 alienae
842 412 1047 463 superbiae
1077 412 1243 452 ludibrio
1275 413 1357 451 fue-

66 467 140 511 ris,
173 477 245 516 per
274 466 440 506 dedecus
469 468 669 506 amittere?

177 520 321 560 Verum
341 523 548 567 enimvero,
566 534 638 573 pro
655 522 769 562 deum
785 527 898 573 atque
916 523 1116 562 hominum
1131 523 1258 567 fidem,
1280 523 1356 561 vic·
1373 530 1413 562 10

68 577 164 615 toria
186 577 224 614 in
245 588 362 616 manu
387 577 499 616 nobis
522 583 598 622 est,
628 578 729 627 viget
749 583 873 622 aetas,
907 579 1057 617 animus
1076 577 1191 617 valet:
1223 582 1356 616 contra

66 631 139 670 illis
160 632 269 670 annis
291 637 404 683 atque
425 633 560 672 divitiis
581 634 706 671 omnia
729 638 1026 672 consenuerunt.
1059 633 1227 673 Tantum
1242 633 1356 671 modo

21 687 218 737 mincepto
248 698 345 738 opus
375 693 449 731 est,
481 693 608 727 cetera
638 700 701 727 res
730 688 916 738 expediet.
967 688 1117 727 Etenim
1147 689 1232 739 quis
1249 694 1407 726 mor-11

64 741 216 786 talium,
246 743 306 781 cui
325 742 432 782 virile
454 744 650 793 ingenium
671 748 739 787 est,
762 742 930 782 tolerare
950 748 1086 794 potest,
1114 742 1186 782 illis
1211 743 1356 781 divitias

63 808 262 848 superare,
292 809 386 848 quas
407 798 643 848 profundant
662 800 700 837 in
723 798 962 838 extrudendo
983 799 1081 837 mari
1101 803 1138 837 et
1160 797 1356 837 montibus

72 852 348 904 coaequandis,
386 853 498 892 nobis
535 865 618 893 rem
652 853 877 892 familiarem
911 855 1024 893 etiam
1063 854 1111 893 ad
1138 854 1355 893 necessaria

64 906 223 947 deesse?
252 907 336 946 illos
355 907 464 948 binas
484 914 549 948 aut
571 908 734 960 amplius
756 909 889 948 domos
910 910 1147 952 continuare,
1170 908 1281 947 nobis
1300 908 1354 947 la-

16 977 50 1003 15
62 974 147 1002 rem
172 963 396 1003 familiarem
426 975 618 1015 nusquam
646 964 767 1004 ullum
790 965 896 1003 esse?
945 964 1041 1003 Cum
1068 963 1219 1003 tabulas
1247 965 1411 1013 signam

62 1022 278 1058 toreumata
307 1025 461 1063 emunt,
495 1031 593 1058 nova
625 1020 783 1058 diruunt
820 1019 890 1058 alia
917 1019 1128 1063 aedificant,
1160 1024 1355 1070 postremo

62 1073 242 1113 omnibus
272 1074 395 1113 modis
423 1076 627 1125 pecuniam
655 1075 813 1114 trahunt
844 1081 1000 1117 vexant,
1041 1080 1169 1113 tamen
1206 1085 1355 1113 summa

60 1128 232 1168 lubidine
254 1129 400 1168 divitias
429 1141 517 1169 suas
540 1131 695 1169 vincere
716 1137 925 1181 nequeunt.
967 1131 1013 1169 At
1038 1129 1148 1168 nobis
1170 1135 1227 1168 est
1250 1129 1353 1168 domi
1372 1135 1409 1167 13

61 1185 202 1236 inopia,
234 1185 328 1223 foris
351 1196 414 1224 aes
436 1185 622 1224 alienum:
649 1185 747 1223 mala
777 1197 858 1229 res,
891 1197 978 1236 spes
1008 1185 1128 1224 multo
1162 1185 1353 1235 asperior:

13 1252 48 1279 20
61 1239 239 1291 denique,
268 1240 359 1291 quid
382 1240 517 1280 relicui
546 1240 734 1279 habemus
762 1246 918 1291 praeter
948 1242 1128 1279 miseram
1161 1239 1352 1279 animam?

171 1294 271 1340 Quin
300 1296 416 1345 igitur
446 1296 767 1346 expergiscimini.
808 1296 865 1334 En
889 1295 961 1339 illa,
993 1295 1052 1334 illa
1097 1307 1212 1345 quam
1236 1306 1350 1344 saepe
1368 1302 1408 1333 14

61 1352 218 1401 optastis
259 1349 436 1395 libertas,
463 1355 664 1401 praeterea
691 1351 839 1390 divitiae
871 1352 989 1390 decus
1018 1351 1139 1400 gloria
1165 1351 1203 1389 in
1233 1349 1354 1388 oculis

59 1407 128 1445 sita
155 1410 264 1445 sunt:
295 1405 449 1445 fortuna
472 1407 598 1445 omnia
621 1418 664 1445 ea
688 1406 897 1444 victoribus
918 1407 1086 1456 praemia
1111 1406 1249 1455 posuit.
1277 1404 1353 1443 Res
1369 1413 1410 1444 15

60 1466 224 1511 tempus,
246 1461 419 1511 pericula
447 1466 607 1511 egestas,
630 1460 720 1500 belli
737 1460 857 1511 spolia
882 1461 1082 1510 magnifica
1099 1461 1220 1509 magis
1238 1471 1352 1511 quam

11 1530 44 1555 25
59 1517 181 1555 oratio
219 1528 305 1555 mea
340 1528 405 1554 vos
434 1516 652 1555 hortantur.
694 1515 761 1553 Vel
792 1517 1027 1566 imperatore
1058 1514 1117 1554 vel
1143 1514 1260 1553 milite
1291 1526 1352 1553 me
1368 1524 1409 1557 16

59 1572 230 1610 utimini:
260 1582 387 1622 neque
407 1572 580 1616 animus,
609 1583 735 1622 neque
756 1582 897 1621 corpus
913 1583 932 1609 a
955 1570 1061 1609 vobis
1081 1569 1215 1609 aberit.
1249 1569 1352 1608 Haec
1366 1581 1406 1612 17

58 1628 160 1677 ipsa,
191 1631 234 1665 ut
261 1638 396 1677 spero,
427 1627 626 1666 vobiscum
655 1638 732 1665 una
763 1625 897 1665 consul
918 1636 1046 1675 agam,
1071 1626 1142 1664 nisi
1163 1625 1263 1663 forte
1290 1636 1351 1663 me

59 1682 209 1721 animus
252 1681 349 1720 fallit
385 1687 421 1720 et
449 1694 514 1720 vos
542 1683 687 1721 servire
726 1683 847 1731 magis
877 1693 991 1732 quam
1015 1682 1210 1733 imperare
1229 1680 1351 1731 parati

60 1737 191 1776 estis.“

11 1806 47 1833 30
170 1791 378 1842 Postquam
407 1803 592 1842 accepere
614 1803 657 1831 ea
677 1791 872 1836 homines,
904 1790 1042 1841 quibus
1070 1790 1169 1829 mala
1199 1789 1351 1828 abunde
1368 1796 1412 1834 21

59 1847 186 1885 omnia
208 1852 343 1890 erant,
375 1852 434 1886 set
452 1858 578 1898 neque
598 1859 662 1886 res
686 1859 813 1897 neque
834 1857 922 1896 spes
945 1845 1046 1884 bona
1076 1845 1173 1887 ulla,
1203 1845 1354 1883 tametsi

57 1901 130 1940 illis
152 1903 278 1953 quieta
300 1913 456 1941 movere
479 1914 617 1952 magna
638 1913 792 1941 merces
818 1900 1038 1944 videbatur,
1063 1906 1191 1939 tamen
1222 1903 1353 1950 postu-

57 1956 186 1996 lavere
215 1955 413 2008 plerique,
450 1962 490 1995 ut
517 1962 766 2009 proponeret,
799 1968 896 2007 quae
926 1955 1091 1994 conditio
1120 1954 1209 1994 belli
1240 1954 1352 1997 foret,

58 2024 156 2063 quae
176 2013 347 2064 praemia
373 2014 484 2051 armis
505 2017 691 2063 peterent,
720 2012 809 2063 quid
831 2011 974 2062 ubique
994 2012 1076 2061 opis
1097 2016 1160 2050 aut
1187 2011 1268 2061 spei
1286 2009 1353 2048 ha-

11 2082 48 2109 ³5
60 2066 211 2107 herent.
257 2067 356 2106 Tum
388 2067 544 2106 Catilina
572 2066 746 2118 polliceri
774 2066 924 2105 tabulas
945 2077 1074 2110 novas,
1105 2065 1387 2116 proscriptio-2

59 2134 148 2162 nem
171 2122 440 2172 locupletium,
471 2124 715 2172 magistratus
739 2122 953 2161 sacerdotia
974 2123 1149 2172 rapinas,
1180 2119 1250 2159 alia
1273 2131 1353 2158 om-

59 2178 144 2222 nia,
175 2189 274 2229 quae
302 2177 447 2216 bellum
476 2183 589 2229 atque
618 2177 750 2217 lubido
782 2178 969 2216 victorum
1007 2176 1093 2215 fert.
1149 2175 1388 2218 Praeterea3

59 2243 144 2272 esse
158 2234 195 2271 in
212 2232 391 2284 Hispania
410 2234 587 2272 citeriore
607 2233 798 2274 Pisonem,
819 2234 857 2271 in
878 2232 1113 2271 Mauretania
1135 2241 1223 2269 cum
1244 2241 1354 2270 exer·
