1537 2512
215 106 272 132 m:
303 105 532 132 exram-At:
563 103 883 132 comvnmnom:
912 104 948 131 c.
979 101 1037 134 55.
1065 100 1122 135 56.
1149 100 1204 135 57.
1311 96 1361 135 33

61 203 293 253 subplicium
309 201 527 253 postulabat
541 213 680 252 parare
699 202 825 242 iubet:
847 203 928 253 ipse
949 204 1149 254 praesidiis
1172 205 1397 256 dispositis2

62 258 266 298 Lentulum
292 259 331 297 in
358 269 557 298 carcerem
583 258 758 297 deducit:
785 259 886 297 idern
916 259 958 297 fit
987 260 1125 298 ceteris
1151 272 1222 310 per
1251 272 1363 311 prae-

63 318 178 354 tores.
220 314 286 352 Est
306 314 344 351 in
368 313 666 358 carcerelocus,
693 314 795 364 quod
815 313 1033 353 Tullianum
1055 315 1281 365 adpellatur,
1298 315 1399 356 uhiss

61 368 261 419 paululum
294 370 518 409 ascenderis
555 370 602 410 ad
641 368 806 413 laevam,
839 370 992 408 circiter
1013 370 1217 410 duodecim
1246 371 1364 421 pedes

33 423 170 465 ⁵humi
195 425 413 476 depressus.
457 425 556 463 Eum
582 426 761 464 muniunt
786 425 957 476 undique
981 425 1149 475 parietes
1169 431 1283 478 atque
1310 428 1399 465 iii-4

62 491 180 530 super
211 493 365 520 camera
394 479 553 530 lapideis
583 479 794 519 fornicibus
822 481 970 525 iuncta,
1004 486 1062 520 set
1089 481 1235 521 incultu
1260 487 1364 521 tene-

63 534 144 574 bris
173 536 293 576 odore
323 535 435 575 foeda
465 540 579 587 atque
609 535 791 574 terribilis
822 537 903 575 eius
933 536 1050 575 facies
1085 541 1153 576 est.
1204 537 1246 575 In
1276 547 1400 578 eum5

63 590 192 631 locum
221 597 425 643 postquam
464 591 653 630 demissus
691 596 747 630 est
775 591 979 635 Lentulus,
1016 591 1203 644 [vindices
1233 604 1366 632 rerum

65 647 303 700 capitalium]
335 646 475 698 quihus
502 651 752 697 praeceptum
785 652 867 685 erat
887 646 1025 697 laqueo
1047 647 1176 698 gulam
1198 649 1364 699 fregere.

20 701 118 743 mlta
140 701 202 742 ille
228 703 412 753 patricius
440 714 486 742 ex
508 707 620 753 gente
640 701 863 741 clarissuma
887 701 1168 747 Corneliorum,
1187 705 1251 754 qui
1277 715 1366 742 con·
1381 707 1402 739 6

64 757 192 797 sulare
218 759 426 809 imperium
442 758 587 797 Romae
609 757 819 802 habuerat,
850 758 1007 808 dignum
1036 758 1212 798 moribus
1241 759 1366 797 sactis-

65 825 139 864 que
162 815 241 853 suis
263 815 420 853 exitium
443 815 540 853 vitae
568 814 721 852 invenit.
763 813 818 852 De
842 812 1011 863 Cethego
1036 813 1182 852 Statilio
1204 814 1366 853 Gabinio

65 867 248 920 Caepario
274 869 411 909 eodem
439 869 554 908 modo
585 868 816 918 subplicium
841 874 1037 918 sumptum
1058 874 1126 908 est.

175 924 274 964 Dum
292 937 335 964 ea
350 924 496 964 Romae
512 928 718 976 geruntur,
743 923 900 963 Catilina
920 936 964 963 ex
987 925 1091 963 omni
1112 925 1233 976 copia,
1252 937 1365 976 quam
1383 926 1434 965 56

19 994 49 1020 ιε
65 984 102 1019 et
132 981 214 1030 ipse
238 980 452 1020 adduxerat
479 985 517 1019 et
539 980 702 1019 Manlius
723 979 930 1023 habuerat,
954 980 1050 1019 duas
1072 980 1244 1031 legiones
1261 981 1367 1019 insti-

63 1037 146 1080 tuit,
180 1036 350 1075 cohortis
376 1047 448 1087 pro
469 1048 633 1075 numero
656 1035 819 1074 militum
842 1034 1008 1085 conplet.
1033 1036 1181 1075 Deinde
1201 1041 1245 1075 ut
1265 1037 1368 1086 quis-
1383 1045 1402 1075 2

64 1103 141 1142 que
160 1091 399 1132 voluntarius
430 1098 496 1132 aut
525 1104 571 1131 ex
603 1092 716 1130 sociis
746 1092 784 1130 in
814 1096 939 1130 castra
971 1097 1129 1131 venerat
1157 1091 1368 1143 aequaliter

65 1147 326 1192 distribuerat,
354 1160 398 1187 ac
418 1148 525 1187 brevi
547 1149 669 1197 spatio
689 1146 862 1197 legiones
887 1158 1051 1186 numero
1078 1147 1278 1187 hominum
1304 1161 1367 1187 ex-

64 1202 246 1253 pleverat,
279 1215 367 1243 cum
393 1205 497 1243 initio
519 1215 595 1241 non
622 1201 785 1252 amplius
807 1201 957 1241 duobus
987 1202 1139 1242 milibus
1160 1203 1369 1243 habuisset.

19 1270 52 1296 20
66 1259 132 1298 Set
149 1271 196 1298 ex
214 1261 319 1298 omni
335 1261 443 1310 copia
465 1260 617 1298 circiter
635 1269 727 1309 pars
747 1262 883 1309 quarta
908 1262 991 1297 erat
1007 1258 1235 1298 militaribus
1254 1260 1370 1298 armis
1384 1265 1403 1299 3

65 1315 271 1359 instructa,
313 1316 432 1354 ceteri
459 1320 502 1354 ut
531 1326 724 1366 quemque
755 1325 866 1352 casus
895 1319 1113 1353 armaverat
1140 1326 1275 1364 sparos
1304 1321 1368 1353 aut

63 1369 231 1415 lanceas,
259 1370 322 1410 alii
342 1376 569 1421 praeacutas
594 1370 700 1409 sudis
726 1369 942 1419 portabant.
989 1370 1055 1409 Set
1074 1375 1278 1421 postquam
1294 1370 1370 1408 An·
1386 1376 1404 1404 ⁴

64 1426 194 1464 tonius
225 1437 314 1466 cum
344 1427 517 1466 exercitu
544 1424 791 1465 adventabat.
834 1423 991 1463 Catilina
1025 1436 1096 1475 per
1130 1426 1270 1464 montis
1299 1426 1370 1464 iter

66 1481 214 1527 facere,
246 1481 362 1521 modo
420 1482 467 1521 ad
497 1481 636 1520 urbem
666 1480 783 1519 modo
813 1481 850 1519 in
884 1479 1044 1520 Galliam
1076 1492 1212 1520 vorsus
1246 1486 1370 1520 castra

20 1548 52 1574 25
66 1548 237 1581 movere,
262 1537 438 1577 hostibus
462 1538 704 1577 occasionem
728 1535 924 1586 pugnandi
946 1547 1023 1574 non
1049 1536 1162 1575 dare:
1190 1536 1373 1586 sperabat

64 1604 189 1644 prope
209 1593 310 1632 diem
335 1605 493 1644 magnas
523 1593 652 1643 copias
672 1603 756 1631 sese
776 1590 999 1630 habiturum
1013 1622 1022 1635 ,
1054 1592 1084 1630 si
1109 1591 1256 1631 Romae
1277 1593 1371 1631 socii

65 1649 216 1699 incepta
236 1650 499 1699 patravissent.
522 1648 673 1688 Interea
693 1648 844 1687 servitia
867 1646 1112 1696 repudiabat,
1137 1648 1246 1686 cuius
1267 1648 1371 1686 initio
1387 1654 1404 1683 5

66 1704 115 1743 ad
145 1716 234 1744 eum
265 1716 425 1755 magnae
449 1705 582 1755 copiae
602 1702 898 1745 concurrebant,
932 1702 1070 1752 opibus
1097 1703 1370 1741 coniurationis

66 1759 209 1804 fretus,
249 1760 363 1799 simul
400 1760 567 1800 alienum
597 1760 675 1799 suis
705 1757 918 1797 rationibus
956 1759 1210 1802 existumans,
1251 1758 1371 1797 videri

21 1825 56 1853 30
70 1828 227 1856 causam
274 1816 414 1855 civium
444 1828 531 1855 cum
562 1816 681 1856 servis
712 1814 876 1865 fugitivis
905 1813 1245 1852 conmunicavisse.
1305 1813 1437 1853 Set57

67 1875 272 1922 postquam
298 1871 335 1909 in
365 1876 488 1910 castra
517 1872 673 1910 nuntius
698 1870 871 1920 pervenit
900 1868 1045 1907 Romae
1069 1869 1371 1909 coniurationem

67 1926 317 1976 patefactam,
344 1927 390 1966 de
424 1927 586 1966 Lentulo
622 1931 658 1965 et
688 1925 856 1975 Cethego
886 1925 1101 1974 ceterisque
1132 1936 1229 1975 quos
1254 1936 1370 1974 supra

69 1983 280 2021 memoravi
311 1981 542 2032 subplicium
573 1986 781 2031 sumptum,
815 1979 1000 2029 plerique,
1033 1991 1129 2030 quos
1151 1980 1198 2019 ad
1228 1979 1371 2020 bellum

70 2048 159 2087 spes
181 2038 404 2088 rapinarum
435 2043 500 2077 aut
519 2049 705 2076 novarum
738 2047 868 2075 rerum
891 2035 1058 2074 studium
1084 2034 1291 2079 inlexerat,
1316 2035 1371 2074 ‹li-

23 2105 56 2132 35
67 2091 264 2138 labuntur,
286 2092 452 2132 relic-uos
474 2093 630 2132 Catilina
655 2104 725 2142 per
756 2092 894 2130 montis
915 2102 1073 2141 asperos
1095 2093 1242 2142 magnis
1263 2092 1370 2129 itine-

69 2147 179 2187 ribus
207 2150 245 2187 in
282 2161 418 2199 agrum
448 2149 722 2188 Pistoriensem
747 2147 903 2185 abducit
932 2158 977 2185 eo
1010 2146 1187 2191 consilio,
1221 2148 1274 2185 uti
1302 2155 1388 2196 per'

70 2204 242 2243 tramites
262 2204 411 2243 occulte
435 2205 657 2255 perfugeret
681 2204 718 2242 in
751 2201 909 2242 Galliam
933 2200 1279 2254 [Transalpinam]
1327 2203 1406 2239 Atz

71 2258 115 2305 Q.
131 2258 304 2298 Metellus
319 2259 429 2299 Celer
451 2272 539 2299 cum
559 2260 682 2298 tribus
700 2257 913 2308 legionibus
930 2259 964 2295 in
989 2267 1081 2307 agro
1097 2256 1238 2296 Piceno
1260 2269 1370 2307 prac-

138 2323 316 2357 SAnnusr.
1139 2322 1162 2360 3
