1537 2512
141 93 192 129 24
332 98 388 124 m:
424 95 652 123 cATILmAE
683 92 1013 121 CONIVRATIONE.
1042 91 1079 118 c.
1108 86 1166 119 48.
1193 86 1251 120 49.

108 204 354 239 4retractum
384 197 548 236 aiebant.
591 197 627 235 Is
654 209 742 236 cum
770 209 811 236 se
837 197 982 236 diceret
1001 197 1258 236 indicaturum
1279 197 1326 236 de
1347 208 1432 237 con·

143 254 387 293 iuratione.si
415 252 510 291 fides
536 251 691 303 publica
713 252 799 290 data
819 256 930 294 esset,
961 253 1087 290 iussus
1113 263 1134 290 a
1153 251 1311 291 consule
1340 263 1434 303 quae

144 310 262 348 sciret
286 308 456 352 edicere,
489 308 623 346 eadem
647 306 730 346 fere
752 319 850 357 quae
877 306 1106 349 Volturcius,
1137 307 1185 346 de
1213 307 1356 357 paratis
1376 307 1432 345 in-

145 363 288 403 cendiis
318 363 365 401 de
387 362 505 401 caede
527 362 719 400 bonorum
745 361 792 400 de
820 362 956 400 itinere
974 361 1155 406 hostium,
1176 366 1350 400 senatum
1368 360 1433 400 do-

145 424 224 457 cet:
246 424 448 469 praeterea
473 429 514 456 se
536 418 695 455 missum
717 429 736 455 a
757 416 805 454 M.
828 416 984 460 Crasso,
1007 418 1071 467 qui
1090 415 1271 456 Catilinae
1289 416 1434 456 nuntia·
1448 430 1465 455 5

144 480 221 518 ret,
250 486 300 512 ne
327 485 415 512 eum
439 471 623 511 Lentulus
653 476 688 511 et
715 471 906 521 Cethegus
935 471 1073 522 aliique
1103 483 1150 510 ex
1176 471 1435 511 coniuratione

144 528 375 579 deprehensi
411 532 621 571 terrerent,
660 538 782 577 eoque
808 526 928 576 magi's
961 531 1191 576 properaret
1219 527 1266 565 ad
1302 525 1435 565 urbem

144 584 346 627 adcedere,
372 594 447 634 quo
473 587 510 621 et
533 587 752 620 ceterorum
776 582 922 620 animos
944 581 1123 620 reficeret
1150 586 1187 620 et
1214 580 1267 620 illi
1294 579 1436 619 facilius

111 645 131 677 5
147 651 167 678 e
186 637 359 689 periculo
380 638 634 688 eriperentur.
681 636 747 675 Set
765 635 833 675 ubi
852 635 1084 686 Tarquinius
1107 635 1288 675 Crassum
1311 635 1435 673 nomi·

141 695 265 738 navit,
297 693 495 731 hominem
517 691 687 731 nobilem
709 691 899 730 maxumis
929 691 1065 729 divitiis
1086 702 1235 730 summa
1257 690 1434 741 potentia,
1450 702 1482 728 ιο
1518 719 1520 721 .

143 748 204 787 alii
234 760 318 787 rem
348 747 614 787 incredibilem
646 748 738 791 rati,
771 758 860 796 pars
890 747 1043 784 tametsi
1071 757 1207 784 verum
1235 747 1436 785 existuma-

142 803 255 848 bant,
286 808 415 842 tamen
441 802 529 853 quia
562 803 600 840 in
628 801 694 840 tali
715 807 890 851 tempore
922 805 1024 839 tanta
1053 802 1108 839 vis
1127 801 1289 839 hominis
1316 800 1437 850 magis

142 858 324 898 leniunda
353 870 468 909 quam
498 857 722 907 exagitanda
751 856 970 899 videbatur,
1010 855 1186 907 plerique
1225 855 1360 894 Crasso
1391 866 1437 894 ex

143 914 306 965 negotiis
335 913 490 963 privatis
521 912 694 956 obnoxii,
726 911 966 950 conclamant
986 911 1150 950 indicem
1178 910 1313 950 salsum
1341 921 1436 954 esse,

110 979 132 1012 6
147 969 271 1020 deque
305 980 348 1007 ea
370 980 413 1007 re
432 966 627 1018 postulant
655 968 709 1006 uti
738 967 941 1006 referatur.
985 967 1117 1016 Itaque
1137 965 1358 1004 consulente
1379 964 1436 1003 Ci-
1452 975 1485 1001 ιι

145 1036 288 1064 cerone
304 1023 488 1074 frequens
507 1027 662 1061 senatus
683 1023 873 1061 decernit:
895 1022 1081 1072 Tarquini
1099 1021 1281 1060 indicium
1301 1019 1438 1059 salsum

144 1079 278 1123 videri,
312 1090 478 1129 eumque
498 1079 536 1116 in
567 1077 728 1116 vinculis
753 1077 1011 1121 retinendum,
1037 1088 1163 1127 neque
1182 1075 1345 1126 amplius
1370 1087 1439 1126 po-

147 1139 324 1174 testatem
346 1133 577 1177 faciundam‚
600 1133 673 1171 nisi
695 1133 742 1172 de
766 1144 810 1171 eo
831 1132 1028 1176 indicaret,
1052 1132 1160 1170 cuius
1179 1130 1338 1169 consilio
1357 1135 1439 1169 tan-

113 1195 223 1229 7tam
239 1201 323 1228 rem
347 1193 446 1227 esset
465 1188 658 1227 mentitus.
690 1188 809 1226 Erant
830 1199 874 1226 eo
889 1192 1064 1238 tempore
1081 1187 1144 1237 qui
1167 1187 1442 1225 existumarent
1533 1222 1537 1235 ⁴

144 1244 329 1284 indicium
358 1243 451 1282 illud
470 1256 491 1282 a
520 1243 561 1281 P.
583 1244 768 1281 Autronio
794 1242 1072 1286 machinatum,
1107 1253 1182 1292 quo
1204 1241 1352 1280 facilius
1375 1241 1487 1280 ad-zo
1533 1243 1537 1284 ';

146 1299 285 1351 pellato
307 1298 443 1338 Crasso
468 1310 538 1348 per
566 1299 787 1338 societatem
812 1297 974 1347 periculi
997 1297 1162 1336 relicuos
1187 1296 1286 1335 illius
1305 1301 1441 1347 poten·
1535 1294 1537 1298 ’

115 1356 201 1394 Stia
231 1358 394 1404 tegeret.
412 1353 489 1392 Alii
508 1353 763 1404 Tarquinium
788 1365 808 1390 a
837 1352 1022 1391 Cicerone
1043 1353 1245 1391 inmissum
1275 1351 1439 1394 aiebant,

146 1422 195 1449 ne
218 1409 378 1449 Crassus
397 1420 507 1447 more
530 1420 600 1446 suo
620 1412 799 1458 suscepto
821 1407 1011 1446 malorum
1033 1407 1247 1458 patrocinio
1268 1418 1352 1446 rem
1371 1418 1441 1456 pu-

114 1465 288 1505 9blicam
318 1463 581 1503 conturbaret.
615 1463 742 1513 Ipsum
772 1462 951 1501 Crassum
972 1473 1042 1512 ego
1063 1467 1195 1512 postea
1216 1462 1442 1512 praedican-

147 1526 225 1560 tem
246 1520 383 1563 audivi,
414 1523 558 1557 tantam
579 1517 681 1556 illam
702 1517 972 1557 contumeliam
1003 1517 1073 1556 sibi
1104 1517 1151 1556 ab
1174 1516 1359 1556 Cicerone
1385 1518 1488 1556 in-25
1532 1526 1537 1532 ·

149 1576 325 1627 positam.
1530 1566 1537 1594 '3

83 1628 134 1667 49
264 1630 330 1669 Set
345 1629 488 1668 eisdem
504 1628 743 1678 temporibus
760 1628 802 1673 Q.
823 1627 978 1666 Catulus
996 1632 1033 1666 et
1048 1627 1092 1665 G.
1110 1626 1198 1665 Piso
1214 1638 1340 1677 neque
1355 1638 1443 1676 pre-

151 1687 209 1725 cio
232 1696 357 1735 neque
381 1685 503 1734 gratia
534 1683 759 1722 Ciceronem
789 1682 973 1732 inpellere
1000 1683 1175 1732 quivere,
1206 1682 1261 1720 uti
1290 1692 1360 1731 per
1380 1680 1443 1719 Al·

149 1740 332 1789 lobroges
369 1745 435 1779 aut
463 1740 581 1779 alium
611 1738 779 1777 indicem
810 1738 852 1777 G.
885 1738 1025 1776 Caesar
1052 1736 1145 1774 salso
1163 1737 1440 1775 nominaretur.

118 1795 248 1838 2Nam
274 1799 438 1845 uterque
467 1806 555 1833 cum
585 1792 648 1832 illo
679 1793 804 1842 gravis
834 1792 1047 1830 inimicitias
1075 1790 1326 1830 exercebant:
1356 1790 1489 1830 Pisoao
1533 1786 1537 1793 ¹

153 1851 397 1901 obpugnatus
425 1851 462 1888 in
493 1849 632 1888 iudicio
664 1848 914 1898 pecuniarum
945 1846 1250 1896 repetundarum
1285 1851 1445 1896 propter

155 1905 353 1944 cuiusdam
373 1904 640 1954 Transpadani
661 1902 890 1953 subplicium
910 1903 1110 1945 iniustum,
1141 1901 1296 1940 Catulus
1316 1913 1361 1940 ex
1378 1912 1444 1951 pe·

153 1961 283 1999 titione
303 1960 544 2011 pontificatus
566 1959 652 1997 odio
675 1960 866 1998 incensus,
891 1957 992 2006 quod
1017 1962 1187 1995 extrema
1208 1960 1342 1999 aetate,
1364 1967 1444 1994 ma—

153 2016 278 2054 xumis
313 2015 528 2054 honoribus
566 2025 680 2057 usus,
716 2013 763 2052 ab
803 2010 1090 2050 adulescentulo
1129 2011 1291 2050 Caesare
1324 2011 1445 2050 victus

121 2078 142 2111 3
157 2070 394 2109 discesserat.
456 2069 532 2108 Res
556 2074 684 2107 autom
704 2072 924 2118 opportuna
945 2066 1160 2110 videbatur.
1181 2065 1283 2116 quod
1313 2066 1344 2104 is
1367 2067 1444 2116 pri·
1459 2080 1491 2106 as
1535 2063 1537 2067 ⁴

154 2127 267 2164 vatim
289 2126 442 2174 egregia
457 2124 693 2167 liberalitate,
713 2123 866 2173 publice
887 2123 1073 2160 maxumis
1089 2121 1315 2159 muneribus
1331 2132 1445 2170 gran·

121 2188 141 2219 4
158 2180 244 2220 dem
262 2181 462 2230 pecuniam
481 2179 655 2217 debebat.
690 2178 755 2217 Set
771 2179 835 2217 ubi
853 2177 1049 2216 consulein
1070 2177 1117 2214 ad
1138 2181 1284 2214 tantum
1301 2175 1447 2215 facinus

158 2236 339 2287 inpellere
384 2240 599 2285 nequeunt.
649 2235 717 2283 ipsi
762 2232 977 2281 singulatim
1018 2231 1293 2270 circumeundo
1334 2236 1446 2282 atque
