1537 2512
258 98 314 124 DE
345 97 572 125 cannam:
606 97 924 124 comvrmrroxss
954 96 987 123 c.
1013 91 1047 126 8.
1080 92 1111 127 9.
1141 93 1194 125 10.
1344 87 1368 123 5

74 196 190 234 stium
221 196 350 246 copias
379 194 546 245 populus
574 193 771 233 Romanus
797 207 913 245 parva
942 206 1058 234 manu
1080 195 1242 240 fuderit,
1275 207 1370 247 quas

74 249 184 289 urbis
204 256 340 289 natura
366 251 531 288 munitas
563 250 770 299 pugnando
801 251 956 301 ceperit,
987 251 1026 289 ni
1056 263 1100 290 ea
1126 262 1190 289 res
1214 250 1367 301 longius

74 316 147 344 nos
175 305 222 344 ab
245 307 398 356 incepto
429 304 612 344 traheret.

186 360 252 400 Set
281 360 456 411 profecto
486 360 637 398 fortuna
671 361 709 398 in
740 362 843 399 omni
880 373 922 400 re
956 361 1194 400 dominatur:
1234 373 1276 400 ea
1304 363 1407 403 ress

46 429 64 455 s
81 422 238 454 cunctas
259 428 304 455 ex
328 415 498 454 lubidine
523 416 643 464 magis
664 427 777 466 quam
802 428 845 454 ex
868 428 958 455 vero
981 416 1150 455 celebrat
1171 416 1369 456 obscurat-

74 482 160 521 que.
183 471 474 510 Atheniensium
493 482 556 509 res
577 475 725 519 gestae,
749 472 846 509 sicut
868 482 939 521 ego
960 477 1152 516 aestumo,
1176 473 1266 510 satis
1288 484 1367 510 am-
1381 483 1401 513 2

72 525 158 576 plae
190 526 493 576 magnificaeque
516 525 637 569 fuere,
668 538 803 564 verum
829 526 1021 578 aliquanto
1048 528 1218 566 minores
1241 532 1368 566 tamen

74 592 189 631 quam
218 581 318 620 fama
349 581 538 619 seruntur.
597 580 663 619 Set
692 582 778 631 quia
810 593 1022 631 provenere
1052 582 1104 620 ibi
1134 583 1401 632 scriptorum3

15 637 18 639 ’
73 647 212 686 magna
244 637 419 686 ingenia,
458 648 528 686 per
558 641 754 675 terrarum
786 636 920 675 orbem
949 637 1240 676 Atheniensium
1269 637 1366 676 sacta

26 703 144 742 iopro
174 692 363 730 maxumis
393 691 651 730 celebrantur.
710 691 764 730 lta
794 703 929 730 eorum
981 694 1044 743 qui
1067 693 1194 731 secere
1246 693 1399 732 virtus4

74 751 176 785 tanta
198 745 382 791 habetur,
412 752 596 796 quantum
617 758 700 785 eam
725 746 848 785 verbis
869 753 1030 797 potuere
1054 746 1235 786 extollere
1256 759 1368 797 prae-

65 801 175 840 clara
200 802 364 851 ingenia.
407 803 452 840 At
473 801 616 852 populo
640 801 814 840 Romano
836 814 1046 853 numquam
1078 815 1120 842 ea
1151 804 1258 853 copia
1282 802 1363 847 suit,
1383 805 1403 836 5

74 858 162 907 quia
184 857 518 907 prudentissumus
539 858 698 908 quisque
725 869 903 896 maxume
928 859 1148 907 negotiosus
1180 862 1281 902 erat,
1309 859 1367 896 in-

73 913 231 961 genium
251 923 366 950 nemo
387 913 467 950 sine
487 924 651 962 corpore
677 912 901 957 exercebat,
927 919 1108 962 optumus
1129 914 1290 964 quisque
1312 913 1367 951 sa-

29 978 61 1004 15
74 978 163 1006 cere
186 979 301 1018 quam
325 967 466 1011 dicere,
490 979 557 1006 sua
578 967 624 1006 ab
649 967 729 1006 aliis
745 968 843 1006 bene
865 967 962 1007 sacta
987 967 1136 1007 laudari
1153 980 1264 1019 quam
1286 969 1367 1018 ipse

73 1021 238 1061 aliorum
260 1034 421 1061 narrare
445 1022 622 1061 malebat.

184 1078 304 1127 Igitur
326 1077 428 1116 domi
458 1077 688 1128 militiaeque
718 1078 810 1116 boni
840 1089 969 1116 mores
1000 1077 1245 1125 colebantur,
1279 1088 1368 1116 con-
1387 1076 1411 1116 9

74 1132 203 1172 cordia
228 1144 419 1176 maxuma,
447 1134 616 1171 minuma
641 1134 794 1172 avaritia
818 1138 918 1172 erat:
942 1134 1000 1171 ius
1023 1133 1244 1183 bonumque
1267 1132 1367 1183 apud

76 1199 142 1227 eos
164 1199 242 1226 non
263 1187 414 1237 legibus
436 1189 557 1237 magis
580 1201 695 1239 quam
719 1194 856 1227 natura
877 1187 1037 1227 valebat.
1070 1188 1199 1237 Iurgia
1222 1188 1367 1227 discor·
1381 1191 1401 1221 2

29 1256 64 1283 πο
77 1243 158 1282 dias
179 1242 389 1282 simultates
412 1255 499 1282 cum
520 1243 694 1282 hostibus
713 1243 965 1287 exercebant,
991 1244 1090 1282 cives
1112 1255 1200 1281 cum
1224 1242 1369 1282 civibus

73 1299 120 1338 de
150 1299 288 1337 virtute
310 1298 525 1337 certabant:
552 1300 590 1337 in
617 1298 813 1350 subpliciis
838 1299 998 1337 deorum
1031 1298 1234 1348 magnifici,
1266 1298 1368 1337 domi

71 1355 190 1406 parci,
218 1355 256 1392 in
286 1355 428 1392 amicos
447 1354 578 1392 fideles
601 1359 721 1393 erant.
754 1353 911 1393 Duabus
933 1353 992 1391 his
1016 1353 1174 1397 artibus,
1206 1353 1363 1392 audacia
1380 1360 1400 1393 3

72 1410 111 1448 in
134 1408 248 1453 bello,
273 1409 338 1447 ubi
358 1421 430 1459 pax
451 1415 629 1448 evenerat
646 1410 846 1460 aequitate,
865 1421 982 1459 seque
998 1420 1158 1459 remque
1174 1407 1367 1458 publicam

75 1464 275 1503 curabant.
303 1464 476 1510 Quarum
492 1476 624 1503 rerum
647 1475 717 1513 ego
738 1475 915 1502 maxuma
934 1463 1161 1502 documenta
1184 1463 1280 1502 haec
1299 1463 1366 1501 ha·
1380 1475 1401 1507 4

27 1535 60 1561 τ)
74 1519 166 1564 beo,
194 1519 297 1570 quod
321 1520 359 1557 in
376 1519 477 1558 bello
499 1520 650 1569 saepius
666 1519 896 1571 vindicatum
913 1523 967 1557 est
987 1519 1024 1556 in
1045 1530 1128 1562 eos,
1154 1519 1217 1569 qui
1234 1523 1368 1556 contra

71 1577 277 1627 imperium
315 1576 356 1614 in
386 1576 537 1616 hostem
567 1582 834 1627 pugnaverant
855 1575 995 1625 quique
1023 1574 1169 1612 tardius
1199 1574 1368 1612 revocati

74 1629 221 1680 proelio
253 1634 515 1673 excesserant,
547 1641 660 1680 quam
693 1631 756 1680 qui
785 1631 892 1679 signa
924 1628 1143 1679 relinquere
1174 1633 1238 1667 aut
1265 1627 1366 1679 pulsi

72 1684 159 1724 loco
185 1685 323 1724 cedere
345 1685 426 1724 ausi
447 1690 574 1729 erant,
606 1686 644 1723 in
666 1697 759 1736 pace
780 1697 892 1728 vero,
916 1684 1018 1735 quod
1037 1683 1223 1723 benificiis
1244 1684 1398 1733 magis5

75 1752 190 1790 quam
212 1744 317 1779 metu
333 1741 540 1792 imperium
555 1740 748 1789 agitabant
770 1746 805 1779 et
827 1745 982 1789 accepta
1007 1740 1144 1777 iniuria
1165 1740 1367 1788 ignoscere

28 1807 189 1846 aequam
219 1796 400 1846 persequi
429 1795 632 1834 malebant.

187 1851 252 1890 Set
271 1850 337 1889 uhi
365 1850 498 1890 labore
529 1856 641 1901 atque
665 1852 802 1890 iustitia
828 1863 890 1890 res
913 1849 1065 1900 publica
1090 1849 1219 1892 crevit,
1252 1858 1367 1898 reges
1384 1852 1433 1891 10

74 1907 204 1956 magni
225 1905 325 1944 bello
342 1906 486 1950 domiti,
510 1907 682 1945 nationes
700 1907 802 1945 serae
825 1912 859 1945 et
879 1904 1010 1956 populi
1027 1906 1200 1954 Ingentes
1222 1904 1254 1941 vi
1275 1903 1365 1942 sub-

75 1962 169 2005 acti,
201 1960 413 2010 Carthago‚
449 1961 598 2000 aemula
619 1963 758 2012 imperi
779 1961 958 2004 Romani,
988 1959 1035 1998 ab
1063 1960 1180 2009 stirpe
1210 1959 1364 1999 interiit.

76 2021 213 2055 cuncta
229 2017 347 2054 maria
370 2021 571 2066 terraeque
589 2016 787 2067 patebant:
810 2016 955 2055 saevire
972 2015 1125 2053 fortuna
1142 2026 1185 2052 ac
1202 2014 1366 2052 miscere

29 2084 61 2112 aa
76 2073 203 2110 omnia
225 2072 361 2122 coepit.
409 2071 482 2117 Qui
506 2071 660 2110 labores
682 2071 870 2122 pericula,
903 2069 1038 2109 dubias
1068 2075 1182 2120 atque
1209 2080 1400 2119 asperas2

75 2138 138 2166 res
154 2126 264 2165 facile
284 2126 552 2170 toleraverant,
571 2129 624 2166 eis
639 2129 758 2166 otium
774 2126 935 2170 divitiae,
953 2125 1118 2175 optanda
1134 2124 1238 2168 alias,
1258 2124 1368 2162 oneri

74 2183 328 2232 miseriaeque
358 2181 479 2221 suere.
533 2182 653 2232 Igitur
682 2183 807 2232 primo
837 2181 1041 2232 pecuniae,
1066 2179 1204 2218 deinde
1226 2179 1398 2230 imperia

78 2237 216 2288 cupido
246 2242 388 2275 crevit:
422 2249 464 2276 ea
495 2238 602 2288 quasi
631 2237 810 2276 materies
833 2237 1002 2275 omnium
1024 2234 1216 2274 malorum
1241 2234 1364 2273 suere.
