1537 2512
139 92 191 132 90
468 101 524 126 DE
550 99 685 125 nmmo
718 97 982 126 1vc÷vnrmx<o
1014 97 1047 123 c.
1067 91 1122 126 85.

141 203 268 241 iorum
285 210 462 238 meorum
479 201 690 240 ostentare,
712 202 761 240 at,
785 198 816 235 si
836 208 899 235 res
918 195 1097 247 postulet,
1118 194 1246 233 hastas
1265 193 1446 233 vexillum

142 255 340 307 phaleras,
363 253 436 292 alia
466 252 643 291 militaria
672 252 793 296 dona,
824 257 1027 302 praeterea
1055 251 1252 289 cicatrices
1283 249 1445 288 advorso

87 320 131 353 30
145 315 313 361 pectore.
367 308 447 347 Hae
469 313 559 347 sunt
577 320 688 347 meae
708 308 911 356 imagines,
942 307 1039 346 haec
1066 304 1256 349 nobilitas,
1277 316 1356 343 non
1378 304 1446 343 he·
1528 337 1537 351 ,

145 366 308 405 reditate
328 364 482 408 relicta,
513 369 555 402 ut
576 363 638 401 illa
662 362 746 406 illis,
769 367 828 401 set
850 374 949 413 quae
971 365 1125 412 egomet
1166 361 1259 400 meis
1309 359 1444 410 pluru-
1523 354 1537 415 ξ

90 431 130 464 31
147 422 218 459 mis
251 420 451 459 laboribus
491 424 529 458 et
564 417 748 468 periculis
785 418 965 468 quaesivi.
1016 416 1101 455 Non
1131 420 1221 455 sunt
1250 416 1448 466 conposita
1465 427 1480 453 ε
1530 430 1537 467 ξ

145 476 264 515 verba
287 487 392 514 mea:
413 475 522 526 parvi
542 474 580 512 id
602 474 722 512 facio:
745 474 826 523 ipsa
846 484 886 512 se
912 474 1033 511 virtus
1054 472 1144 510 satis
1165 471 1347 510 ostendit:
1375 469 1448 509 illis
1518 504 1537 527 ⁴·

90 540 135 573 32
150 531 309 570 artificio
346 542 444 581 opus
474 534 548 574 est,
587 533 631 567 ut
657 529 784 578 turpia
812 528 910 567 facta
942 528 1116 566 oratione
1148 531 1291 576 tegant.
1314 525 1449 575 Neque
1532 526 1537 578 ¹3

144 586 292 625 litteras
312 585 481 624 Graecas
507 584 640 623 didici:
672 595 809 633 parum
828 583 1005 633 placebat
1029 594 1093 621 eas
1115 582 1284 626 discere,
1306 581 1449 632 quippe
1526 579 1537 595 ³

89 653 133 686 33
147 653 246 692 quae
268 641 316 680 ad
337 641 518 679 virtutem
540 638 764 678 doctoribus
784 638 877 676 nihil
897 638 1136 688 profuerant.
1179 637 1227 675 At
1245 636 1308 675 illa
1327 635 1448 674 multo

146 701 304 747 optuma
324 697 382 734 rei
400 695 578 745 publicae
599 693 735 732 doctus
754 704 859 732 sum:
885 692 1036 732 hostem
1058 692 1194 736 ferire,
1213 691 1448 742 praesidium
1464 703 1495 729 10

146 753 311 801 agitare,
333 750 427 789 nihil
442 754 616 789 metuere
634 749 707 787 nisi
723 753 877 798 turpem
894 747 1046 792 famam,
1072 748 1240 786 hiemem
1262 751 1299 786 et
1321 751 1444 785 aesta·
1535 743 1537 752 ’

145 812 225 846 tem
252 807 355 845 iuxta
383 806 474 856 pati,
505 805 613 843 humi
631 804 894 854 requiescere,
928 803 1064 842 eodem
1083 808 1261 853 tempore
1281 801 1449 852 inopiam

90 871 135 904 34
150 866 188 901 et
215 861 391 899 laborem
420 860 599 898 tolerare.
646 859 710 898 Eis
733 870 803 908 ego
821 860 1040 909 praeceptis
1070 858 1209 897 milites
1238 856 1448 896 hortabor:

146 928 220 955 nec
250 915 335 954 illos
361 920 444 954 arte
469 915 604 958 colam,
636 926 699 953 me
720 913 936 964 opulenter,
967 926 1094 964 neque
1124 912 1287 963 gloriam
1307 924 1447 955 meam,

91 971 321 1016 35laborem
344 970 498 1009 illorum
520 971 669 1008 faciam.
709 969 792 1007 Hoc
814 974 871 1008 est
889 969 994 1014 utile,
1017 969 1093 1007 hoc
1115 968 1221 1007 civile
1231 969 1448 1018 imperium.
1466 978 1496 1004 15
1534 977 1537 979 ·

147 1026 322 1077 Namque
354 1038 442 1065 cum
470 1029 550 1064 tute
572 1036 643 1075 per
666 1024 863 1063 mollitiam
892 1036 994 1075 agas,
1024 1024 1235 1063 exercitum
1262 1022 1450 1073 subplicio

89 1094 134 1128 35
149 1093 290 1132 cogere
304 1112 313 1126 ,
335 1081 372 1120 id
395 1086 452 1120 est
471 1081 687 1124 dominum,
705 1080 1064 1131 nonimperatorem
1087 1091 1181 1119 esse.
1214 1079 1319 1120 Haec
1335 1083 1450 1128 atque

147 1137 235 1176 talia
259 1137 426 1175 maiores
454 1137 571 1174 vostri
596 1135 774 1174 faciundo
803 1147 922 1185 seque
945 1147 1108 1186 remque
1129 1134 1325 1185 publicam
1351 1133 1450 1173 cele·

91 1193 324 1239 37b1·avere.
380 1191 473 1236 Quis
492 1190 670 1229 nobilitas
695 1191 805 1235 freta,
837 1192 917 1241 ipsa
943 1189 1134 1230 dissimilis
1163 1189 1351 1234 moribus,
1379 1200 1450 1228 nos

151 1247 306 1286 illorum
329 1246 501 1285 aemulos
522 1247 731 1285 contemnit
754 1251 791 1285 et
806 1247 929 1284 omnis
944 1245 1113 1284 honores
1132 1257 1210 1283 non
1233 1257 1279 1284 ex
1299 1245 1450 1289 merito,
1465 1259 1498 1284 26

93 1311 139 1344 38
153 1307 212 1341 set
241 1303 351 1353 quasi
370 1301 520 1340 debitos
540 1313 561 1339 a
582 1301 690 1340 vobis
718 1303 869 1351 repetit.
916 1300 1096 1340 Ceterum
1116 1301 1292 1339 homines
1315 1311 1451 1350 super-

147 1357 308 1396 bissumi
330 1357 468 1407 procul
492 1361 636 1395 errant.
677 1356 840 1395 Maiores
862 1369 998 1395 eorum
1020 1357 1159 1401 omnia,
1182 1368 1280 1406 quae
1299 1355 1450 1399 licebat,

147 1412 219 1451 illis
235 1411 441 1463 reliquere,
459 1412 604 1450 divitias
624 1413 832 1461 imagines,
856 1413 1081 1451 memoriam
1102 1412 1161 1450 sui
1185 1410 1447 1462 praeclaram:

149 1469 327 1507 virtutem
343 1479 421 1506 non
436 1467 642 1518 reliquere,
660 1479 786 1517 neque
808 1471 1002 1517 poterant:
1028 1480 1071 1506 ca
1094 1467 1173 1506 sola
1191 1478 1318 1517 neque
1338 1466 1452 1505 datur

91 1529 135 1563 39
149 1523 251 1562 dono
281 1534 408 1573 neque
439 1524 637 1573 accipitur.
693 1522 899 1561 Sordidum
923 1535 984 1561 me
1021 1527 1061 1562 et
1088 1521 1246 1561 incultis
1275 1520 1452 1560 moribus
1466 1534 1497 1561 2⁵

147 1579 272 1623 aiunt,
301 1579 388 1629 quia
410 1589 548 1627 parum
579 1579 672 1617 scite
703 1579 917 1617 convivium
940 1590 1106 1623 exorno,
1138 1589 1264 1628 neque
1294 1576 1450 1616 histrio·

148 1645 238 1672 nem
261 1632 395 1677 ullum,
426 1644 553 1683 neque
573 1633 694 1683 pluris
714 1635 821 1683 preci
848 1645 984 1672 cocum
1004 1645 1118 1684 quam
1140 1633 1292 1672 vilicum
1313 1631 1451 1671 habeo.

93 1691 138 1723 40
153 1688 259 1734 Quae
288 1688 381 1726 mihi
410 1687 517 1726 lubet.
549 1689 734 1732 confiteri,
767 1689 944 1734 Quirites.
990 1689 1085 1727 Nam
1110 1701 1154 1728 ex
1186 1692 1345 1738 parente
1366 1699 1452 1726 meo

150 1748 188 1782 et
207 1755 253 1782 ex
275 1742 356 1781 aliis
373 1744 513 1781 sanctis
534 1744 623 1782 viris
640 1744 690 1782 ita
712 1745 861 1793 accepi:
876 1744 1080 1782 munditias
1100 1743 1339 1787 mulieribus,
1361 1743 1452 1781 viris

148 1798 324 1837 laborem
349 1799 567 1844 convenire,
591 1798 847 1849 omnibusque
862 1798 974 1837 bonis
998 1804 1178 1849 oportere
1198 1798 1285 1849 plus
1307 1797 1452 1848 gloriae
1466 1810 1498 1836 so

149 1865 266 1904 quam
287 1853 502 1892 divitiarum
529 1866 630 1893 esse:
662 1866 781 1898 arma,
803 1866 881 1892 non
901 1853 1176 1904 supellectilem
1199 1854 1330 1893 decori
1354 1865 1438 1897 csse

85 1919 126 1950 21
149 1910 250 1954 Quin
281 1919 375 1958 ergo
405 1910 506 1959 quod
534 1910 656 1953 iuvat,
687 1910 789 1959 quod
820 1921 953 1948 carum
977 1914 1210 1953 aestumaut,
1236 1909 1273 1948 id
1297 1920 1451 1959 semper

149 1964 310 2002 saciant:
341 1969 470 2002 ament
494 1969 644 2014 potent:
676 1964 742 2003 ubi
772 1964 1068 2004 adulescentiam
1096 1965 1280 2008 habuere,
1310 1964 1361 2003 ibi
1391 1976 1451 2003 se—

149 2024 344 2058 nectutem
365 2025 491 2068 agant,
519 2019 576 2072 [in
600 2019 812 2072 conviviis]
839 2020 955 2058 dediti
987 2022 1107 2059 ventri
1135 2026 1173 2059 et
1193 2021 1450 2070 turpissumae

150 2075 249 2124 parti
278 2076 471 2124 corporis:
522 2076 703 2114 sudorem
750 2076 949 2125 pulverem
975 2082 1012 2115 et
1033 2076 1103 2114 alia
1125 2075 1211 2114 talia
1232 2074 1496 2126 relinquant„

92 2141 137 2172 42
151 2129 282 2173 nobis,
314 2129 454 2179 quibus
486 2130 548 2168 illa
580 2131 702 2180 epulis
732 2131 956 2170 iocundiora
977 2137 1076 2170 suut.
1124 2130 1265 2170 Verum
1293 2142 1371 2169 non
1400 2132 1450 2170 ita

147 2190 218 2223 est.
259 2185 353 2223 Nam
379 2185 444 2223 ubi
467 2197 508 2224 se
519 2183 724 2237 [omnibus]
738 2187 885 2236 flagitiis
909 2187 1203 2228 dedecoravere,
1225 2187 1450 2236 turpissumi

92 2253 136 2284 43
150 2242 220 2280 viri
241 2240 433 2278 bonorum
457 2243 626 2291 praemia
642 2248 818 2292 ereptum
840 2247 942 2280 eunt.
984 2242 1038 2280 lta
1057 2242 1315 2280 iniustissume
1337 2241 1449 2281 luxu·
