1537 2512
167 96 219 134 92
397 107 453 132 DE
483 105 618 132 BELLO
652 105 917 133 xvavn'rnmo
952 104 986 131 c.
1010 98 1065 134 87.
1091 98 1149 133 88.
1180 99 1235 134 89.

98 203 149 244 87
280 203 345 242 Set
367 204 503 243 consul
529 203 689 253 expletis
703 202 918 254 legionibus
941 202 1239 253 cohortibusque
1260 201 1466 241 auxiliariis

165 261 203 297 in
234 270 370 309 agrum
397 259 562 299 fertilem
593 263 630 297 et
658 258 802 309 praeda
829 263 1009 297 onustum
1036 258 1305 309 proficiscitur,
1337 259 1463 297 omnia

166 314 216 352 ibi
243 318 354 364 capta
375 314 558 353 militibus
588 314 723 358 donat,
752 314 839 353 dein
873 312 1026 352 castella
1054 318 1091 353 et
1114 313 1254 364 oppida
1274 318 1410 352 natura
1429 318 1467 352 et

164 370 254 408 viris
275 381 414 419 parum
445 370 590 409 munita
621 369 857 419 adgreditur,
888 368 1034 419 proelia
1057 368 1189 414 multa,
1220 373 1391 408 ceterum
1410 368 1464 407 le-

130 433 148 461 ‘2
165 425 233 469 via,
252 424 324 463 alia
337 424 418 464 aliis
437 424 533 464 locis
549 424 688 463 facere.
711 424 870 463 Interim
890 425 978 463 novi
995 424 1133 462 milites
1148 424 1230 463 sine
1246 428 1350 463 metu
1367 435 1464 474 pug-
1477 439 1494 464 ⁵

163 491 236 519 nae
264 479 417 519 adesse:
455 480 586 519 videre
616 480 795 529 fugientis
824 480 908 529 capi
928 484 994 518 aut
1023 479 1163 523 occidi,
1202 479 1466 518 fortissumum
1521 528 1526 531 .

163 547 357 586 quemque
372 536 633 584 tutissumum,
659 535 775 573 armis
794 534 1023 579 libertatem,
1043 535 1205 585 patriam
1219 535 1466 585 parentisque

126 594 146 627 3
162 595 200 628 et
229 589 301 629 alia
332 591 459 629 omnia
479 592 576 640 tegi,
604 589 766 640 gloriam
787 594 901 641 atque
923 590 1069 629 divitias
1089 590 1234 641 quaeri.
1273 588 1336 627 Sic
1358 588 1467 628 brevi

160 646 283 696 spatio
294 646 382 684 novi
391 649 617 696 veteresque
628 645 805 684 coaluere
817 650 854 684 et
863 646 982 684 virtus
995 646 1167 684 omnium
1176 644 1345 696 aequalis
1354 644 1464 684 sacta.

125 708 144 738 4
272 701 320 739 At
349 713 481 751 reges,
511 700 578 740 ubi
607 701 654 740 de
684 700 848 740 adventu
870 700 964 739 Mari
995 712 1230 751 cognovere,
1261 700 1403 739 divorsi
1425 701 1465 738 in
1480 711 1511 738 ιο

160 754 266 794 locos
287 756 449 795 difficilis
469 755 623 795 abeunt.
655 756 710 795 Ita
725 756 936 806 Iugurthae
956 756 1167 807 placuerat,
1187 756 1358 806 speranti
1375 767 1466 794 mox

161 811 303 850 effusos
323 811 444 850 hostis
465 812 590 850 invadi
611 823 745 862 posse:
777 812 993 856 Romanos,
1026 812 1137 850 sicuti
1156 810 1380 862 plerosque,
1403 822 1466 849 re-

159 870 264 905 moto
300 871 406 906 metu
439 866 562 906 laxius
595 866 850 918 licentiusque
883 867 1047 906 futuros.

92 918 144 959 88
271 921 447 961 Metellus
473 923 620 961 interea
642 922 805 960 Romam
826 921 1023 972 profectus
1055 927 1188 961 contra
1218 933 1327 972 spem
1355 932 1464 960 suam

157 976 388 1016 laetissumis
416 978 554 1016 animis
583 978 790 1027 accipitur,
822 976 926 1027 plebi
955 977 1229 1028 patribusque,
1261 981 1466 1028 postquam
1482 987 1512 1014 ιε
1535 1019 1537 1022 ¹

157 1033 297 1071 invidia
326 1032 537 1077 ‹leceserat,
565 1034 668 1071 iuxta
695 1043 821 1072 carus.

124 1092 143 1123 2
270 1088 336 1127 Set
362 1087 506 1127 Marius
536 1089 688 1138 inpigre
716 1087 1008 1139 prudenterque
1039 1099 1200 1127 suorum
1232 1092 1268 1126 et
1297 1087 1466 1127 hostium

158 1155 222 1191 res
251 1144 396 1194 pariter
426 1143 654 1188 adtendere,
687 1154 925 1193 cognoscere
955 1143 1044 1194 quid
1075 1143 1168 1181 boni
1197 1144 1373 1194 utrisque
1400 1148 1467 1182 aut

163 1203 297 1237 contra
329 1203 441 1243 esset,
474 1197 677 1249 explorare
707 1200 844 1238 itinera
865 1210 1022 1249 regum,
1057 1198 1212 1237 consilia
1244 1203 1282 1238 et
1309 1198 1465 1238 insidias

159 1265 295 1292 eorum
332 1254 575 1297 antevenire,
608 1254 701 1292 nihil
739 1254 840 1304 apud
876 1266 917 1293 se
952 1255 1157 1293 remissum
1198 1266 1325 1305 neque
1363 1253 1465 1305 apud
1479 1265 1513 1292 20

121 1308 241 1347 3illos
269 1313 393 1348 tutum
415 1310 505 1359 pati.
550 1309 683 1359 Itaque
709 1314 745 1349 et
769 1309 951 1349 Gaetulos
977 1314 1013 1348 et
1035 1309 1261 1359 Iugurtham
1283 1321 1329 1348 ex
1351 1310 1465 1348 sociis

155 1365 298 1403 nostris
328 1365 492 1414 praedas
513 1366 661 1414 agentis
688 1376 803 1415 saepe
833 1365 1040 1415 adgressus
1064 1366 1102 1403 in
1133 1366 1270 1404 itinere
1302 1365 1465 1410 suderat,

157 1419 361 1470 ipsumque
381 1430 515 1469 regem
536 1419 629 1458 haut
649 1421 785 1470 procul
807 1420 854 1459 ab
873 1421 1013 1470 oppido
1035 1420 1134 1459 Cirta
1155 1421 1272 1459 armis
1294 1426 1464 1460 exuerat.

124 1479 143 1509 4
159 1473 265 1519 Quae
294 1479 498 1526 postquam
529 1475 695 1526 gloriosa
722 1476 836 1514 modo
860 1488 985 1526 neque
1011 1475 1100 1515 belli
1121 1476 1298 1526 patrandi
1321 1487 1464 1526 coguo-

158 1530 220 1573 vit,
252 1531 383 1569 statuit
412 1529 539 1574 urbis,
577 1543 677 1581 quae
705 1532 795 1569 viris
825 1536 890 1570 aut
914 1531 999 1570 loco
1023 1543 1096 1582 pro
1127 1531 1302 1571 hostibus
1332 1536 1369 1571 et
1399 1531 1464 1571 ad·
1477 1543 1510 1569 2⁵

156 1596 312 1624 vorsum
329 1597 371 1624 se
389 1587 750 1635 opportunissumae
785 1591 915 1631 erant,
956 1586 1126 1636 singulas
1164 1587 1463 1626 circumvenire:

155 1641 204 1679 ita
226 1639 455 1690 Iugurtham
475 1645 540 1679 aut
568 1642 769 1691 praesidiis
800 1642 1000 1692 nudatum,
1027 1643 1058 1680 si
1087 1655 1129 1681 ea
1160 1647 1378 1694 pateretur,
1401 1647 1466 1682 aut

121 1694 304 1745 5proelio
336 1700 587 1735 certaturum.
645 1696 742 1735 Nam
770 1696 949 1736 Bocchus
978 1699 1133 1736 nuntios
1161 1698 1209 1736 ad
1241 1710 1330 1737 eum
1349 1709 1465 1748 saepe

154 1751 332 1796 miserat,
362 1750 458 1790 velle
480 1751 612 1801 populi
635 1751 799 1791 Romani
819 1754 1041 1791 amicitiam:
1072 1765 1120 1791 ne
1143 1753 1233 1804 quid
1261 1753 1308 1792 ab
1330 1765 1371 1793 se
1394 1753 1463 1792 ho·

118 1805 237 1844 ostile
256 1806 422 1846 timeret.
470 1806 512 1845 Id
538 1806 824 1847 simulaveritne
852 1820 928 1858 quo
949 1809 1165 1857 inprovisus
1188 1810 1340 1859 gravior
1364 1809 1463 1848 acci·
1478 1818 1509 1846 ao

152 1861 274 1906 (leret,
303 1873 351 1900 an
373 1861 586 1901 mobilitate
607 1864 736 1913 ingeni
755 1875 890 1914 pacem
915 1869 1029 1915 atque
1055 1863 1200 1903 bellum
1221 1869 1374 1904 mutare
1401 1876 1463 1904 so·

85 1915 260 1961 solitus,
303 1928 441 1967 parum
478 1917 721 1968 exploratum
750 1925 818 1957 est.
885 1919 950 1958 Set
980 1918 1134 1964 consul,
1170 1921 1225 1959 uti
1263 1926 1461 1964 statuerat,

154 1972 293 2022 oppida
323 1972 558 2023 castellaque
580 1975 725 2012 munita
752 1975 878 2017 adire.
910 1977 1048 2025 partim
1082 1977 1115 2015 vi
1168 1976 1238 2015 alia
1262 1981 1366 2016 metu
1397 1981 1463 2015 aut

120 2034 139 2065 2
155 2029 324 2075 praemia
348 2028 577 2067 ostentando
599 2035 775 2069 avortere
796 2030 842 2069 ab
866 2030 1052 2070 hostibus.
1095 2032 1148 2070 Ac
1169 2033 1293 2082 primo
1314 2031 1460 2071 medio·

151 2082 229 2120 cria
267 2083 449 2131 gerebat,
491 2085 726 2123 existumans
756 2086 982 2135 Iugurtham
1022 2087 1071 2125 ob
1097 2099 1187 2127 suos
1217 2087 1397 2127 tutandos
1421 2088 1458 2126 in
1471 2099 1505 2126 ⁸5
1535 2103 1537 2106 ·

116 2143 288 2176 smanus
311 2143 529 2178 venturum.
581 2140 648 2179 Set
669 2140 733 2179 ubi
758 2141 863 2180 illum
896 2142 1034 2192 procul
1066 2142 1199 2182 abesse
1227 2149 1263 2181 ct
1288 2141 1370 2182 aliis
1391 2154 1459 2183 ne-

150 2194 265 2242 gotiis
296 2194 483 2233 intentum
521 2196 685 2245 accepit.
723 2198 865 2235 maiora
905 2203 941 2235 et
976 2199 1097 2247 magis
1135 2209 1269 2248 aspera
1300 2197 1460 2249 adgredi

152 2253 304 2299 tempus
333 2250 452 2287 visum
484 2255 551 2289 est.
