1537 2512
146 98 198 135 44
423 108 478 132 DE.
510 107 645 133 nmmo
673 105 952 132 xvcvn'rnmo.
980 106 1016 132 c.
1042 101 1096 135 13.
1119 101 1175 134 14.

110 214 131 245 4
147 205 318 245 tendere.
373 204 439 243 Set
459 204 526 243 uhi
546 215 609 243 res
638 204 687 243 ad
712 209 908 243 certamen
930 205 1042 247 venit,
1074 205 1197 242 victus
1224 216 1271 243 ex
1297 203 1448 254 proelio

112 260 318 312 5profugit
346 260 384 298 in
405 260 643 310 provinciam
665 271 710 298 ac
741 259 880 298 deinde
903 258 1068 297 Romam
1095 259 1302 298 contendit.
1351 259 1452 298 Tum

146 315 330 366 Iugurtha
357 316 516 366 patratis
547 314 732 359 consiliis,
765 319 968 365 postquam
996 315 1100 353 omni
1119 313 1297 353 Numidia
1326 315 1448 364 potie-

146 371 281 415 batur,
310 371 350 409 in
378 371 455 409 otio
486 370 635 409 facinus
657 381 770 409 suum
793 381 883 409 cum
907 370 1034 408 animo
1067 373 1272 419 reputans,
1312 369 1452 408 timere

147 425 335 477 populum
365 425 582 465 Romanum
613 437 740 476 neque
765 425 951 464 advorsus
974 425 1072 463 iram
1093 425 1174 463 eius
1197 436 1362 476 usquam
1379 425 1482 463 nisis
1520 440 1525 475 .'

114 483 187 520 oin
217 482 371 520 avaritia
407 481 614 520 nobilitatis
643 485 681 519 et
709 481 873 531 pecunia
896 492 964 518 sua
993 492 1102 530 spem
1122 479 1280 519 habere.
1320 480 1454 530 ltaque
1520 522 1528 527 ,

147 537 281 587 paucis
295 536 430 575 diebus
446 548 534 576 cum
549 548 644 575 auro
662 540 699 575 et
713 540 873 585 argento
889 535 1009 574 multo
1022 534 1187 574 Romam
1201 534 1349 585 legatos
1367 536 1454 573 mit·
1515 563 1517 566 -

149 593 212 637 tit,
239 593 324 643 quis
353 593 560 642 praecipit,
590 592 761 642 primum
790 592 847 630 uti
876 595 1026 629 veteres
1056 591 1200 629 amicos
1228 590 1455 629 muneribus

150 646 348 697 expleant,
381 647 519 686 deinde
548 658 667 686 novos
695 646 920 698 adquirant,
958 650 1155 696 postremo
1187 657 1456 697 quaecumque

116 707 135 737 7
150 703 299 753 possint
326 703 532 752 largiundo
562 714 703 753 parare
729 714 779 740 ne
808 705 1051 740 cunctentur.
1113 701 1180 740 Set
1204 700 1272 740 ubi
1292 701 1455 740 Romam
1467 713 1501 740 ιο

150 757 266 808 legati
288 770 431 797 venere
453 763 490 796 et
511 770 557 797 ex
579 762 786 808 praecepto
806 758 910 806 regis
929 756 1144 807 hospitibus
1166 756 1336 807 aliisque,
1361 768 1456 808 quo-

150 825 239 852 rum
260 825 305 852 ea
325 817 551 864 tempestate
571 814 609 852 in
626 818 761 852 senatu
782 813 989 851 auctoritas
1008 811 1188 863 pollebat,
1210 823 1350 861 magna
1371 823 1457 850 mu·

151 880 244 908 nera
258 869 411 913 misere,
433 873 537 908 tanta
555 869 789 907 conmutatio
809 869 975 911 incessit,
999 872 1040 906 ut
1057 880 1102 907 ex
1123 880 1302 906 maxuma
1318 867 1456 906 invidia

117 925 191 962 Sin
209 925 373 973 gratiam
394 929 432 963 et
453 924 624 963 favorem
645 923 853 962 nobilitatis
874 923 1060 972 Iugurtha
1081 924 1241 962 veniret.
1282 923 1456 969 Quorum
1516 941 1521 944 ·

152 990 243 1029 pars
264 991 333 1030 spe
378 978 441 1018 alii
461 981 635 1030 praemio
661 979 807 1018 inducti
831 978 1004 1028 singulos
1023 991 1069 1017 ex
1091 983 1225 1017 senatu
1247 977 1456 1017 ambiundo
1470 989 1503 1016 ιε

119 1039 140 1072 9
155 1034 398 1079 nitebantur,
430 1047 480 1074 ne
501 1036 654 1084 gravius
674 1035 714 1073 in
736 1046 825 1074 eum
847 1033 1128 1073 consuleretur.
1175 1033 1295 1084 Igitur
1315 1033 1383 1072 ubi
1403 1029 1537 1073 13-1

154 1090 231 1138 gati
259 1091 350 1129 satis
379 1090 596 1135 confidunt,
627 1090 687 1129 die
709 1091 914 1129 constituto
945 1094 1102 1128 senatus
1129 1091 1303 1140 utrisque
1329 1089 1455 1128 datur.
1531 1065 1537 1160 Ξ

1530 1276 1537 1295 4

155 1145 253 1184 Tum
282 1145 543 1185 Adherbalem
566 1145 641 1184 hoc
670 1145 785 1184 modo
809 1145 983 1183 locutum
1014 1146 1255 1196 accepimus:

91 1198 138 1235 14
269 1201 415 1240 ‘Patres
446 1202 675 1251 conscripti,
708 1201 864 1251 Micipsa
892 1205 1002 1250 pater
1031 1212 1142 1240 meus
1169 1201 1340 1239 moriens
1365 1199 1459 1239 mihi

156 1257 373 1306 praecepit,
403 1259 459 1296 uti
482 1258 593 1306 regni
614 1256 815 1296 Numidiae
839 1261 987 1294 tantum
1008 1257 1124 1295 modo
1145 1257 1504 1306 procurationemu

157 1312 429 1351 existumarem
450 1324 588 1356 meam,
612 1317 783 1351 ceterum
801 1312 859 1350 ius
876 1316 913 1350 et
928 1312 1135 1362 imperium
1148 1312 1229 1350 cius
1251 1323 1371 1361 penes
1394 1322 1460 1349 vos

157 1378 263 1411 esse,
296 1367 408 1406 simul
430 1369 596 1406 eniterer
618 1368 721 1406 domi
751 1367 983 1417 militiaeque
1015 1379 1131 1418 quam
1161 1378 1343 1406 maxumo
1373 1367 1461 1406 usui
1532 1365 1537 1390 ³

158 1433 241 1460 esse
271 1422 416 1474 populo
446 1422 641 1462 Romano.
666 1434 733 1461 vos
761 1422 855 1460 mihi
884 1427 1150 1471 cognatorum,
1182 1433 1249 1461 vos
1277 1422 1460 1461 adfinium

156 1477 242 1515 loco
273 1478 478 1517 ducerem:
511 1479 541 1516 si
572 1490 614 1517 ca
645 1478 832 1521 fecissem,
856 1478 894 1516 in
921 1482 1046 1516 vostra
1075 1479 1238 1517 amicitia
1270 1479 1461 1517 exercitus
1532 1512 1537 1529 .-

121 1539 141 1569 2
158 1533 305 1571 divitias
340 1535 576 1573 munimenta
596 1535 707 1583 regni
751 1545 811 1572 me
828 1533 1064 1572 habiturum.
1110 1534 1216 1580 Quae
1238 1545 1326 1572 cum
1346 1545 1505 1583 prae-2¹>
1534 1546 1537 1553 ·

159 1593 268 1637 cepta
298 1590 468 1639 parentis
488 1590 562 1627 mei
587 1590 785 1637 agitarem,
813 1588 1009 1638 Iugurtha,
1032 1589 1148 1627 homo
1170 1589 1342 1627 omnium
1363 1600 1460 1639 quos
1533 1579 1537 1622 ἶ

156 1649 261 1682 terra
283 1645 444 1682 sustinet
462 1643 806 1687 sceleratissumus‚
831 1645 1227 1694 contemptoimperio
1238 1648 1365 1682 vostro
1381 1643 1459 1682 Ma-
1530 1642 1537 1656 '¹

158 1699 316 1738 sinissae
339 1711 400 1738 me
421 1704 602 1749 nepotem
624 1704 661 1738 et
680 1701 755 1738 iam
776 1700 823 1737 ab
849 1700 966 1749 stirpe
990 1700 1136 1738 socium
1161 1705 1275 1750 atque
1292 1700 1460 1738 amicum

158 1754 290 1804 populi
311 1754 473 1793 Romani
495 1766 616 1804 regno
639 1755 878 1805 fortunisque
908 1754 1086 1793 omnibus
1116 1754 1274 1805 expulit.
1536 1788 1537 1793 ,

123 1817 143 1849 3
270 1810 393 1860 Atque
418 1821 507 1859 ego,
535 1817 664 1860 patres
685 1811 908 1860 conscripti,
943 1811 1125 1860 quoniam
1146 1822 1191 1849 eo
1216 1811 1458 1849 miseriarum
1472 1824 1506 1851 ³0
1535 1827 1537 1850 1

158 1869 342 1904 venturus
372 1877 498 1909 eram,
528 1865 664 1904 vellem
694 1866 819 1915 potius
847 1865 895 1904 ob
926 1877 1009 1903 mea
1045 1877 1160 1916 quam
1189 1865 1238 1904 ob
1269 1866 1460 1905 maiorum

160 1932 336 1958 meorum
361 1920 534 1959 benificia
565 1933 720 1972 possein
742 1933 762 1959 a
787 1921 893 1959 vobis
921 1921 1103 1959 auxilium
1125 1926 1270 1972 petere,
1303 1933 1348 1960 ac
1377 1933 1458 1960 ma·

161 1988 274 2014 xume
304 1975 436 2014 deberi
463 1977 555 2015 milii
577 1976 751 2016 benificia
774 1990 793 2016 a
819 1976 961 2026 populo
988 1976 1174 2021 Romam,
1209 1976 1350 2027 quibus
1379 1988 1458 2015 non

161 2042 335 2081 egerem,
367 2031 582 2070 secundum
613 2045 675 2076 ea,
709 2033 739 2070 si
771 2031 1023 2071 desideranda
1063 2037 1194 2075 erant,
1235 2033 1288 2070 uti
1321 2031 1459 2070 debitis

126 2093 144 2122 4
161 2090 302 2125 uterer.
351 2086 417 2125 Set
446 2089 625 2137 quoniam
662 2099 799 2137 parum
825 2093 903 2126 tuta
926 2099 995 2137 per
1025 2099 1065 2125 sc
1089 2089 1168 2137 ipsa
1197 2086 1368 2137 probitas
1389 2092 1458 2132 est,
1471 2101 1505 2128 ss

161 2153 286 2192 neque
314 2141 406 2180 mihi
435 2143 470 2179 in
501 2154 614 2181 manu
641 2143 709 2180 suit
731 2143 912 2192 Iugurtha
939 2142 1059 2192 qualis
1082 2142 1192 2185 soret,
1214 2142 1260 2180 ad
1284 2154 1349 2181 vos
1369 2154 1461 2181 con·

163 2197 253 2245 fugi.
280 2202 408 2246 patres
429 2199 647 2247 conscripti.
671 2198 822 2248 quibus.
855 2198 956 2248 quod
983 2198 1073 2236 mihi
1096 2199 1369 2237 miserrumum
1390 2202 1460 2242 est,

163 2263 280 2301 cogor
312 2254 418 2302 prius
450 2255 557 2291 oneri
590 2266 703 2304 quam
728 2255 811 2292 usui
843 2266 938 2292 esse.
