1537 2512
435 124 487 150 nx
516 121 732 149 ms'rouns
765 122 1022 149 EXCERPTAE.
1306 111 1380 150 113

87 223 226 273 cuique
254 220 363 260 reddi
395 226 432 260 et
464 219 585 259 aliena
607 225 721 264 tenet,
754 220 843 259 belli
874 220 957 258 iura
986 221 1153 260 rescindi
1184 233 1271 260 cum
1300 221 1381 271 ipse

86 277 204 316 armis
233 280 356 325 cogat,
383 276 571 314 civitatem
601 275 820 314 confirmari
851 274 989 326 quibus
1017 275 1234 326 ademptam
1254 280 1379 326 negat,

88 331 316 371 concordiae
344 331 465 380 gratia
492 329 618 381 plebei
639 330 882 369 tribuniciam
908 334 1134 379 potestatem
1158 332 1304 370 restitui
1335 343 1380 369 ex

87 399 162 438 qua
193 397 327 425 omnes
357 385 569 425 discordiae
600 385 798 424 adcensae.
848 385 1032 424 Pessume
1067 387 1236 426 omnium
1267 390 1379 436 atque
1405 392 1447 426 15

56 441 428 492 ainpudentissume,
457 440 573 479 tibine
594 445 742 491 egestas
766 441 903 479 civium
933 446 970 478 et
995 439 1120 479 luctus
1141 452 1256 480 curae
1277 441 1384 480 sunt?

87 498 148 535 cui
180 495 273 534 nihil
307 501 364 535 est
387 496 490 534 domi
519 497 590 534 nisi
619 496 736 534 armis
772 500 925 545 partum
971 500 1034 534 aut
1070 508 1141 546 per
1175 497 1370 535 iniuriam.

85 551 259 590 Alterum
292 550 530 590 consulatum
561 551 657 601 petis
689 553 795 601 quasi
825 551 992 600 primum
1022 551 1247 595 reddideris,
1277 551 1378 590 bello

86 605 335 645 concordiam
366 607 519 656 quaeris
550 618 624 657 quo
652 611 757 656 parta
777 605 1023 649 disturbatur,
1054 608 1174 645 nostri
1191 606 1377 656 proditor,

84 662 165 699 istis
185 660 335 705 infidus,
366 661 485 699 hostis
516 662 684 699 omnium
715 661 918 698 bonorum.
963 661 1012 700 Ut
1040 666 1076 699 te
1106 673 1231 712 neque
1257 661 1379 700 homi-

38 727 71 754 ιο
83 727 177 755 num
206 727 332 767 neque
363 717 525 755 deorum
553 716 689 766 pudet,
732 727 826 766 quos
863 727 933 765 per
967 715 1081 754 fidem
1119 722 1183 755 aut
1209 717 1379 766 periurio

83 771 248 810 violasti!
278 772 350 818 Qui
378 772 529 822 quando
561 771 644 809 talis
675 783 733 814 es,
762 781 918 808 maneas
944 771 982 808 in
1007 773 1194 810 sententia
1221 777 1257 810 et
1289 773 1379 810 reti—
1408 776 1447 807 16

82 837 176 865 neas
200 838 306 865 arma
327 831 365 866 te
392 827 540 870 hortor,
567 838 643 865 neu
670 825 904 876 prolatandis
930 825 1201 870 seditionibus,
1233 827 1380 877 inquies

81 881 177 932 ipse,
209 893 282 920 nos
309 883 346 920 in
377 881 629 920 sollicitudine
668 881 849 920 adtineas.
916 880 1049 931 Neque
1083 886 1120 920 te
1149 882 1379 931 provinciae,

82 947 210 988 neque
244 937 369 987 leges,
406 949 533 987 neque
563 936 624 975 dei
655 940 812 986 penates
842 936 961 974 civem
991 937 1199 985 patiuntur.
1257 936 1379 987 Perge

38 1001 70 1027 1⁵
83 1003 158 1042 qua
186 998 359 1043 coeptas,
395 997 437 1031 ut
467 1004 580 1042 quam
606 998 845 1030 maturrume
875 991 1011 1029 merita
1041 992 1222 1030 invenias.

194 1046 270 1086 Vos
304 1052 451 1091 autem,
481 1052 610 1097 patres
642 1047 867 1096 conscripti,
908 1057 982 1096 quo
1011 1058 1133 1097 usque
1164 1047 1379 1086 cunctando
1408 1053 1444 1085 17

81 1113 163 1142 rem
185 1102 382 1153 publicam
411 1103 573 1141 intutam
599 1103 794 1152 patiemini
834 1106 871 1139 et
909 1100 1035 1139 verbis
1075 1113 1180 1140 arma
1220 1107 1380 1152 tempta·

82 1157 195 1197 bitis?
247 1157 415 1197 Dilectus
451 1157 654 1196 advorsum
684 1168 749 1195 vos
778 1156 908 1200 habiti,
948 1158 1132 1206 pecuniae
1160 1156 1312 1207 publice
1344 1163 1380 1196 et

81 1213 259 1263 privatim
280 1217 463 1257 extortae,
497 1213 686 1263 praesidia
715 1211 877 1250 deducta
905 1216 1018 1262 atque
1038 1213 1220 1262 inposita:
1251 1225 1297 1251 ex
1323 1212 1379 1252 lu-

36 1278 69 1305 20
83 1268 211 1308 bidine
248 1268 354 1319 leges
376 1268 640 1319 imperantur,
670 1279 756 1305 cum
796 1267 950 1305 interim
977 1278 1044 1304 vos
1074 1267 1219 1317 legatos
1251 1273 1288 1307 ct
1314 1267 1380 1306 de·

81 1329 186 1363 creta
217 1324 373 1374 paratis.
401 1325 551 1368 Quanto
578 1321 821 1361 mehercules
849 1322 993 1360 avidius
1020 1334 1154 1372 pacem
1181 1323 1378 1372 petieritis

79 1383 185 1417 tanto
225 1378 372 1418 bellum
409 1379 535 1417 acrius
573 1379 661 1421 erit,
700 1389 787 1415 cum
818 1376 1010 1426 intelleget
1044 1388 1085 1416 se
1123 1383 1227 1416 metu
1259 1379 1380 1427 magis

80 1445 196 1485 quam
231 1445 354 1485 aequo
383 1438 420 1472 et
438 1433 542 1472 bono
570 1436 836 1471 sustentatum.
869 1431 966 1470 Nam
991 1433 1055 1482 qui
1080 1433 1212 1471 turbas
1239 1438 1276 1471 et
1292 1445 1377 1472 cae·
1408 1438 1446 1470 18

81 1489 169 1529 dem
190 1490 329 1528 civium
351 1488 476 1528 odisse
501 1490 552 1527 ait
581 1493 618 1527 et
648 1487 696 1526 ob
718 1487 753 1525 id
771 1491 918 1526 armato
943 1487 1087 1537 Lepido
1114 1499 1181 1526 vos
1210 1488 1379 1527 inermos

34 1546 233 1589 aretinet,
266 1555 365 1595 quae
398 1544 504 1582 victis
533 1542 732 1582 toleranda
758 1547 858 1587 sunt,
892 1554 935 1581 ea
967 1554 1054 1581 cum
1077 1542 1206 1582 facere
1226 1545 1379 1594 possitis

80 1600 278 1651 patiamini
304 1599 431 1650 potius
453 1604 596 1638 censet.
655 1598 710 1636 Ita
740 1597 792 1636 illi
823 1610 843 1636 a
871 1597 978 1636 vobis
1008 1610 1164 1648 pacem,
1196 1598 1304 1637 vobis
1331 1599 1378 1638 ab

80 1654 144 1694 illo
174 1654 319 1694 bellum
349 1654 495 1694 suadet.
528 1655 632 1694 Haec
660 1655 692 1692 si
719 1652 883 1703 placent,
916 1654 945 1691 si
976 1657 1078 1691 tanta
1106 1653 1268 1704 torpedo
1300 1655 1378 1692 ani·
1408 1662 1447 1694 19

78 1722 164 1749 mos
194 1710 384 1761 obrepsit,
415 1714 458 1749 ut
489 1709 594 1749 obliti
623 1708 813 1748 scelerum
843 1708 996 1752 Cinnae,
1028 1710 1137 1747 cuius
1172 1710 1210 1747 in
1240 1709 1378 1748 urbem

78 1766 206 1806 reditu
234 1765 352 1805 decus
383 1765 528 1804 ordinis
555 1765 669 1804 huius
691 1765 851 1807 interiit,
883 1762 1002 1802 nihilo
1027 1765 1154 1802 minus
1178 1776 1245 1802 vos
1266 1769 1379 1815 atque

33 1821 265 1871 soconiuges
291 1826 329 1860 et
350 1820 493 1859 liberos
523 1821 667 1871 Lepido
696 1819 923 1869 permissuri
953 1819 1048 1861 sitis,
1081 1819 1170 1870 quid
1194 1831 1290 1870 opus
1314 1820 1379 1858 de·

80 1876 218 1915 cretis?
265 1876 354 1927 quid
383 1875 522 1915 auxilio
554 1874 698 1914 Catuli?
730 1872 829 1918 Quin
862 1875 893 1912 is
924 1878 961 1912 et
987 1872 1049 1912 alii
1078 1874 1170 1914 boni
1196 1886 1279 1914 rem
1309 1887 1380 1926 pu·
1404 1885 1447 1917 20

78 1931 219 1971 blicam
248 1931 390 1970 frustra
421 1936 569 1970 curant.
607 1930 733 1979 Agite,
773 1934 815 1968 ut
838 1928 963 1968 lubet!
997 1934 1131 1980 parate
1168 1929 1276 1969 vobis
1310 1929 1377 1969 Ce-

78 1986 182 2037 thegi
211 1991 326 2037 atque
356 1985 427 2025 alia
457 1986 698 2037 proditorum
728 1985 953 2035 patrocinia,
986 1986 1049 2035 qui
1077 1986 1231 2037 rapinas
1262 1991 1299 2025 et
1323 1987 1379 2024 in-

79 2042 213 2082 cendia
242 2042 458 2081 instaurare
490 2043 648 2092 cupiunt
678 2044 716 2078 et
734 2051 870 2079 rursus
892 2040 1098 2079 advorsum
1115 2042 1208 2080 deos
1231 2042 1380 2091 penatis

31 2109 214 2140 esmanus
252 2109 415 2136 armare.
475 2097 540 2136 Sin
569 2096 726 2135 libertas
757 2101 793 2134 et
822 2107 912 2134 vera
950 2097 1071 2147 magis
1101 2096 1272 2147 placent,
1314 2097 1380 2135 de-

77 2153 222 2192 cernite
254 2152 370 2202 digna
403 2154 558 2192 nomine
603 2157 641 2192 et
678 2155 815 2200 augete
848 2152 1047 2201 ingenium
1076 2153 1168 2191 viris
1203 2151 1378 2190 sortibus.

76 2207 194 2247 Adaet
219 2219 340 2247 novos
370 2209 581 2253 exercitus,
613 2207 660 2246 ad
691 2205 767 2245 hoc
795 2205 968 2245 coloniae
1003 2211 1176 2247 veterum
1204 2206 1379 2249 militum,
1404 2213 1451 2245 2L

73 2262 255 2302 nobilitas
285 2264 428 2306 omnis.
480 2263 598 2302 duces
640 2262 808 2313 optumi:
856 2261 1007 2301 fortuna
1040 2262 1220 2304 meliores
1255 2263 1380 2312 sequi-

137 2327 316 2361 Sanus-r.
1155 2319 1179 2358 8
