<?xml version="1.0" encoding="UTF-8"?>
<!DOCTYPE html PUBLIC "-//W3C//DTD XHTML 1.0 Transitional//EN"
    "http://www.w3.org/TR/xhtml1/DTD/xhtml1-transitional.dtd">
<html xmlns="http://www.w3.org/1999/xhtml" xml:lang="en" lang="en">
 <head>
  <title>
</title>
<meta http-equiv="Content-Type" content="text/html;charset=utf-8" />
  <meta name='ocr-system' content='tesseract 3.04.00' />
  <meta name='ocr-capabilities' content='ocr_page ocr_carea ocr_par ocr_line ocrx_word'/>
</head>
<body>
  <div class='ocr_page' id='page_1' title='image "./libridecatilinae00salluoft_0031.png"; bbox 0 0 1537 2512; ppageno 0'>
   <div class='ocr_carea' id='block_1_1' title="bbox 238 66 1369 117">
    <p class='ocr_par' dir='ltr' id='par_1_1' title="bbox 238 66 1369 117">
     <span class='ocr_line' id='line_1_1' title="bbox 238 66 1369 117; baseline 0.003 -14"><span class='ocrx_word' id='word_1_1' title='bbox 238 113 246 117; x_wconf 16' lang='grc' dir='ltr'><strong>ἦ</strong></span> <span class='ocrx_word' id='word_1_2' title='bbox 272 77 328 103; x_wconf 69' lang='lat' dir='ltr'>ms</span> <span class='ocrx_word' id='word_1_3' title='bbox 359 76 585 104; x_wconf 48' lang='lat' dir='ltr'>clivanus:</span> <span class='ocrx_word' id='word_1_4' title='bbox 617 77 935 104; x_wconf 70' lang='lat' dir='ltr'>CONIVRATIONE</span> <span class='ocrx_word' id='word_1_5' title='bbox 966 76 1000 104; x_wconf 85' lang='lat' dir='ltr'>c.</span> <span class='ocrx_word' id='word_1_6' title='bbox 1032 70 1087 106; x_wconf 88' lang='lat'>17.</span> <span class='ocrx_word' id='word_1_7' title='bbox 1119 71 1175 107; x_wconf 88' lang='grc'>18.</span> <span class='ocrx_word' id='word_1_8' title='bbox 1344 66 1369 106; x_wconf 87' lang='grc'><strong>9</strong></span> 
     </span>
    </p>
   </div>
   <div class='ocr_carea' id='block_1_2' title="bbox 21 173 1429 1327">
    <p class='ocr_par' dir='ltr' id='par_1_2' title="bbox 21 173 1429 1327">
     <span class='ocr_line' id='line_1_2' title="bbox 73 173 1367 226; baseline 0.002 -14"><span class='ocrx_word' id='word_1_9' title='bbox 73 173 211 218; x_wconf 82' lang='lat' dir='ltr'>voluit,</span> <span class='ocrx_word' id='word_1_10' title='bbox 239 175 277 212; x_wconf 91' lang='lat' dir='ltr'>in</span> <span class='ocrx_word' id='word_1_11' title='bbox 308 185 430 213; x_wconf 91' lang='lat' dir='ltr'>unum</span> <span class='ocrx_word' id='word_1_12' title='bbox 462 174 585 212; x_wconf 88' lang='lat' dir='ltr'>omnis</span> <span class='ocrx_word' id='word_1_13' title='bbox 606 180 800 220; x_wconf 88' lang='lat' dir='ltr'>convocat,</span> <span class='ocrx_word' id='word_1_14' title='bbox 830 175 970 226; x_wconf 86' lang='lat' dir='ltr'>quibus</span> <span class='ocrx_word' id='word_1_15' title='bbox 999 187 1177 213; x_wconf 84' lang='lat' dir='ltr'>maxuma</span> <span class='ocrx_word' id='word_1_16' title='bbox 1201 176 1367 215; x_wconf 73' lang='lat' dir='ltr'>necessi-</span> 
     </span>
     <span class='ocr_line' id='line_1_3' title="bbox 74 228 1402 279; baseline 0.003 -12"><span class='ocrx_word' id='word_1_17' title='bbox 74 229 165 268; x_wconf 84' lang='lat' dir='ltr'>tudo</span> <span class='ocrx_word' id='word_1_18' title='bbox 187 234 223 268; x_wconf 89' lang='lat' dir='ltr'>et</span> <span class='ocrx_word' id='word_1_19' title='bbox 241 228 463 279; x_wconf 87' lang='lat' dir='ltr'>plurumum</span> <span class='ocrx_word' id='word_1_20' title='bbox 489 229 670 268; x_wconf 80' lang='lat' dir='ltr'>audaciae</span> <span class='ocrx_word' id='word_1_21' title='bbox 694 231 826 269; x_wconf 87' lang='lat' dir='ltr'>inerat.</span> <span class='ocrx_word' id='word_1_22' title='bbox 865 230 921 269; x_wconf 90' lang='lat' dir='ltr'>Eo</span> <span class='ocrx_word' id='word_1_23' title='bbox 944 242 1158 269; x_wconf 86' lang='lat' dir='ltr'>convenere</span> <span class='ocrx_word' id='word_1_24' title='bbox 1187 233 1367 270; x_wconf 88' lang='lat' dir='ltr'>senatorii</span> <span class='ocrx_word' id='word_1_25' title='bbox 1382 237 1402 270; x_wconf 89' lang='grc'>3</span> 
     </span>
     <span class='ocr_line' id='line_1_4' title="bbox 74 283 1367 336; baseline 0.002 -14"><span class='ocrx_word' id='word_1_26' title='bbox 74 284 218 322; x_wconf 85' lang='lat' dir='ltr'>ordinis</span> <span class='ocrx_word' id='word_1_27' title='bbox 240 284 282 323; x_wconf 91' lang='lat' dir='ltr'>P.</span> <span class='ocrx_word' id='word_1_28' title='bbox 308 283 493 323; x_wconf 83' lang='lat' dir='ltr'>Lentulus</span> <span class='ocrx_word' id='word_1_29' title='bbox 514 284 631 328; x_wconf 89' lang='lat' dir='ltr'>Sura,</span> <span class='ocrx_word' id='word_1_30' title='bbox 663 284 703 323; x_wconf 86' lang='grc' dir='ltr'>Ρ.</span> <span class='ocrx_word' id='word_1_31' title='bbox 728 286 956 330; x_wconf 82' lang='lat' dir='ltr'>Autronius,</span> <span class='ocrx_word' id='word_1_32' title='bbox 988 285 1029 323; x_wconf 86' lang='lat' dir='ltr'>L.</span> <span class='ocrx_word' id='word_1_33' title='bbox 1052 285 1202 324; x_wconf 82' lang='lat' dir='ltr'>Cassius</span> <span class='ocrx_word' id='word_1_34' title='bbox 1226 286 1367 336; x_wconf 86' lang='lat' dir='ltr'>Longi-</span> 
     </span>
     <span class='ocr_line' id='line_1_5' title="bbox 72 338 1367 390; baseline 0.002 -12"><span class='ocrx_word' id='word_1_35' title='bbox 72 350 165 384; x_wconf 84' lang='lat' dir='ltr'>nuS‚</span> <span class='ocrx_word' id='word_1_36' title='bbox 192 339 237 378; x_wconf 90' lang='lat' dir='ltr'>G.</span> <span class='ocrx_word' id='word_1_37' title='bbox 267 338 476 390; x_wconf 81' lang='lat' dir='ltr'>Cethegus,</span> <span class='ocrx_word' id='word_1_38' title='bbox 508 339 549 378; x_wconf 89' lang='lat' dir='ltr'>P.</span> <span class='ocrx_word' id='word_1_39' title='bbox 575 344 610 378; x_wconf 84' lang='lat' dir='ltr'>et</span> <span class='ocrx_word' id='word_1_40' title='bbox 640 340 794 379; x_wconf 84' lang='lat' dir='ltr'>Servius</span> <span class='ocrx_word' id='word_1_41' title='bbox 817 340 943 379; x_wconf 82' lang='lat' dir='ltr'>Sullae</span> <span class='ocrx_word' id='word_1_42' title='bbox 974 340 1079 379; x_wconf 81' lang='lat' dir='ltr'>Servi</span> <span class='ocrx_word' id='word_1_43' title='bbox 1101 340 1184 386; x_wconf 81' lang='lat' dir='ltr'>tilii,</span> <span class='ocrx_word' id='word_1_44' title='bbox 1211 341 1250 379; x_wconf 88' lang='lat' dir='ltr'>L.</span> <span class='ocrx_word' id='word_1_45' title='bbox 1274 341 1367 380; x_wconf 83' lang='lat' dir='ltr'>Var-</span> 
     </span>
     <span class='ocr_line' id='line_1_6' title="bbox 43 393 1366 444; baseline -0.001 -10"><span class='ocrx_word' id='word_1_46' title='bbox 43 409 59 435; x_wconf 72' lang='lat'><strong>⁶</strong></span> <span class='ocrx_word' id='word_1_47' title='bbox 74 394 262 444; x_wconf 83' lang='lat' dir='ltr'>gunteius,</span> <span class='ocrx_word' id='word_1_48' title='bbox 282 393 326 439; x_wconf 87' lang='lat' dir='ltr'>Q.</span> <span class='ocrx_word' id='word_1_49' title='bbox 347 395 505 438; x_wconf 81' lang='lat' dir='ltr'>Annius,</span> <span class='ocrx_word' id='word_1_50' title='bbox 524 394 570 432; x_wconf 87' lang='lat' dir='ltr'>M.</span> <span class='ocrx_word' id='word_1_51' title='bbox 589 394 749 433; x_wconf 87' lang='lat' dir='ltr'>Porcius</span> <span class='ocrx_word' id='word_1_52' title='bbox 765 395 899 439; x_wconf 88' lang='lat' dir='ltr'>Laeca,</span> <span class='ocrx_word' id='word_1_53' title='bbox 918 395 959 434; x_wconf 94' lang='lat' dir='ltr'>L.</span> <span class='ocrx_word' id='word_1_54' title='bbox 982 395 1120 437; x_wconf 81' lang='lat' dir='ltr'>Bestia,</span> <span class='ocrx_word' id='word_1_55' title='bbox 1144 396 1187 440; x_wconf 90' lang='lat' dir='ltr'>Q.</span> <span class='ocrx_word' id='word_1_56' title='bbox 1207 395 1366 434; x_wconf 87' lang='lat' dir='ltr'>Curius:</span> 
     </span>
     <span class='ocr_line' id='line_1_7' title="bbox 70 450 1402 500; baseline 0.002 -13"><span class='ocrx_word' id='word_1_57' title='bbox 70 453 270 499; x_wconf 87' lang='lat' dir='ltr'>praeterea</span> <span class='ocrx_word' id='word_1_58' title='bbox 297 462 342 488; x_wconf 87' lang='lat' dir='ltr'>ex</span> <span class='ocrx_word' id='word_1_59' title='bbox 375 451 542 500; x_wconf 82' lang='lat' dir='ltr'>equestri</span> <span class='ocrx_word' id='word_1_60' title='bbox 573 450 706 488; x_wconf 83' lang='lat' dir='ltr'>ordine</span> <span class='ocrx_word' id='word_1_61' title='bbox 737 451 784 488; x_wconf 83' lang='lat' dir='ltr'>M.</span> <span class='ocrx_word' id='word_1_62' title='bbox 817 450 972 489; x_wconf 85' lang='lat' dir='ltr'>Fulvius</span> <span class='ocrx_word' id='word_1_63' title='bbox 992 450 1185 494; x_wconf 80' lang='lat' dir='ltr'>Nobilior,</span> <span class='ocrx_word' id='word_1_64' title='bbox 1215 450 1257 489; x_wconf 92' lang='lat' dir='ltr'>L.</span> <span class='ocrx_word' id='word_1_65' title='bbox 1282 451 1402 489; x_wconf 75' lang='lat' dir='ltr'>Sta-4</span> 
     </span>
     <span class='ocr_line' id='line_1_8' title="bbox 69 504 1364 554; baseline 0.002 -12"><span class='ocrx_word' id='word_1_66' title='bbox 69 504 183 547; x_wconf 88' lang='lat' dir='ltr'>tilius,</span> <span class='ocrx_word' id='word_1_67' title='bbox 203 504 245 542; x_wconf 92' lang='lat' dir='ltr'>P.</span> <span class='ocrx_word' id='word_1_68' title='bbox 277 504 460 543; x_wconf 79' lang='lat' dir='ltr'>Gabinius</span> <span class='ocrx_word' id='word_1_69' title='bbox 490 504 642 554; x_wconf 84' lang='lat' dir='ltr'>Capito,</span> <span class='ocrx_word' id='word_1_70' title='bbox 675 505 718 544; x_wconf 88' lang='lat' dir='ltr'>G.</span> <span class='ocrx_word' id='word_1_71' title='bbox 753 505 972 544; x_wconf 74' lang='lat' dir='ltr'>Corneliusz</span> <span class='ocrx_word' id='word_1_72' title='bbox 1005 505 1051 544; x_wconf 86' lang='lat' dir='ltr'>ad</span> <span class='ocrx_word' id='word_1_73' title='bbox 1079 505 1152 543; x_wconf 84' lang='lat' dir='ltr'>boc</span> <span class='ocrx_word' id='word_1_74' title='bbox 1178 505 1286 544; x_wconf 90' lang='lat' dir='ltr'>multi</span> <span class='ocrx_word' id='word_1_75' title='bbox 1319 518 1364 545; x_wconf 84' lang='lat' dir='ltr'>ex</span> 
     </span>
     <span class='ocr_line' id='line_1_9' title="bbox 71 558 1398 611; baseline 0.002 -14"><span class='ocrx_word' id='word_1_76' title='bbox 71 558 229 598; x_wconf 86' lang='lat' dir='ltr'>coloniis</span> <span class='ocrx_word' id='word_1_77' title='bbox 251 565 288 598; x_wconf 90' lang='lat' dir='ltr'>et</span> <span class='ocrx_word' id='word_1_78' title='bbox 312 560 538 610; x_wconf 49' lang='lat' dir='ltr'>municipiis</span> <span class='ocrx_word' id='word_1_79' title='bbox 570 559 671 598; x_wconf 92' lang='lat' dir='ltr'>domi</span> <span class='ocrx_word' id='word_1_80' title='bbox 693 560 853 599; x_wconf 70' lang='lat' dir='ltr'>nobiles,</span> <span class='ocrx_word' id='word_1_81' title='bbox 902 561 1020 599; x_wconf 80' lang='lat' dir='ltr'>Erant</span> <span class='ocrx_word' id='word_1_82' title='bbox 1049 566 1250 611; x_wconf 84' lang='lat' dir='ltr'>praeterea</span> <span class='ocrx_word' id='word_1_83' title='bbox 1274 570 1398 601; x_wconf 82' lang='lat' dir='ltr'>con-5</span> 
     </span>
     <span class='ocr_line' id='line_1_10' title="bbox 69 613 1362 666; baseline 0 -13"><span class='ocrx_word' id='word_1_84' title='bbox 69 613 201 664; x_wconf 87' lang='lat' dir='ltr'>plures</span> <span class='ocrx_word' id='word_1_85' title='bbox 228 614 342 665; x_wconf 89' lang='lat' dir='ltr'>paulo</span> <span class='ocrx_word' id='word_1_86' title='bbox 374 614 560 653; x_wconf 80' lang='lat' dir='ltr'>occultius</span> <span class='ocrx_word' id='word_1_87' title='bbox 600 615 733 653; x_wconf 90' lang='lat' dir='ltr'>consili</span> <span class='ocrx_word' id='word_1_88' title='bbox 770 616 928 654; x_wconf 77' lang='lat' dir='ltr'>huiusce</span> <span class='ocrx_word' id='word_1_89' title='bbox 959 616 1165 666; x_wconf 84' lang='lat' dir='ltr'>participes</span> <span class='ocrx_word' id='word_1_90' title='bbox 1201 615 1362 660; x_wconf 82' lang='lat' dir='ltr'>nobiles,</span> 
     </span>
     <span class='ocr_line' id='line_1_11' title="bbox 25 670 1366 721; baseline -0.001 -10"><span class='ocrx_word' id='word_1_91' title='bbox 25 684 58 711; x_wconf 79' lang='grc' dir='ltr'>ιο</span> <span class='ocrx_word' id='word_1_92' title='bbox 72 681 168 720; x_wconf 90' lang='lat' dir='ltr'>quos</span> <span class='ocrx_word' id='word_1_93' title='bbox 194 671 315 720; x_wconf 83' lang='lat' dir='ltr'>magis</span> <span class='ocrx_word' id='word_1_94' title='bbox 345 670 614 709; x_wconf 85' lang='lat' dir='ltr'>dominationis</span> <span class='ocrx_word' id='word_1_95' title='bbox 637 682 724 721; x_wconf 84' lang='lat' dir='ltr'>spes</span> <span class='ocrx_word' id='word_1_96' title='bbox 749 671 977 709; x_wconf 77' lang='lat' dir='ltr'>hortabatur</span> <span class='ocrx_word' id='word_1_97' title='bbox 1002 682 1115 721; x_wconf 82' lang='lat' dir='ltr'>quam</span> <span class='ocrx_word' id='word_1_98' title='bbox 1144 671 1270 721; x_wconf 89' lang='lat' dir='ltr'>inopia</span> <span class='ocrx_word' id='word_1_99' title='bbox 1301 676 1366 709; x_wconf 88' lang='lat' dir='ltr'>aut</span> 
     </span>
     <span class='ocr_line' id='line_1_12' title="bbox 69 724 1398 776; baseline -0.002 -12"><span class='ocrx_word' id='word_1_100' title='bbox 69 724 140 764; x_wconf 85' lang='lat' dir='ltr'>alia</span> <span class='ocrx_word' id='word_1_101' title='bbox 165 725 419 764; x_wconf 86' lang='lat' dir='ltr'>necessitudo.</span> <span class='ocrx_word' id='word_1_102' title='bbox 469 724 645 764; x_wconf 90' lang='lat' dir='ltr'>Ceterum</span> <span class='ocrx_word' id='word_1_103' title='bbox 669 728 844 764; x_wconf 87' lang='lat' dir='ltr'>iuventus</span> <span class='ocrx_word' id='word_1_104' title='bbox 868 726 1070 776; x_wconf 80' lang='lat' dir='ltr'>pleraque,</span> <span class='ocrx_word' id='word_1_105' title='bbox 1101 731 1157 763; x_wconf 85' lang='lat' dir='ltr'>set.</span> <span class='ocrx_word' id='word_1_106' title='bbox 1184 730 1398 765; x_wconf 82' lang='lat' dir='ltr'>maxume6</span> 
     </span>
     <span class='ocr_line' id='line_1_13' title="bbox 68 779 1362 832; baseline 0.001 -14"><span class='ocrx_word' id='word_1_107' title='bbox 68 779 254 819; x_wconf 89' lang='lat' dir='ltr'>nobilium</span> <span class='ocrx_word' id='word_1_108' title='bbox 269 811 277 825; x_wconf 92' lang='lat'><em>,</em></span> <span class='ocrx_word' id='word_1_109' title='bbox 310 779 490 819; x_wconf 86' lang='lat' dir='ltr'>Catilinae</span> <span class='ocrx_word' id='word_1_110' title='bbox 512 781 672 830; x_wconf 79' lang='lat' dir='ltr'>inceptis</span> <span class='ocrx_word' id='word_1_111' title='bbox 693 781 863 819; x_wconf 75' lang='lat' dir='ltr'>favebat:</span> <span class='ocrx_word' id='word_1_112' title='bbox 886 781 1025 832; x_wconf 86' lang='lat' dir='ltr'>quibus</span> <span class='ocrx_word' id='word_1_113' title='bbox 1046 781 1084 818; x_wconf 91' lang='lat' dir='ltr'>in</span> <span class='ocrx_word' id='word_1_114' title='bbox 1108 781 1183 818; x_wconf 90' lang='lat' dir='ltr'>otio</span> <span class='ocrx_word' id='word_1_115' title='bbox 1205 780 1262 819; x_wconf 74' lang='lat' dir='ltr'>vel</span> <span class='ocrx_word' id='word_1_116' title='bbox 1284 793 1362 819; x_wconf 89' lang='lat' dir='ltr'>ma-</span> 
     </span>
     <span class='ocr_line' id='line_1_14' title="bbox 69 835 1363 888; baseline 0.002 -16"><span class='ocrx_word' id='word_1_117' title='bbox 69 835 206 885; x_wconf 84' lang='lat' dir='ltr'>gnifice</span> <span class='ocrx_word' id='word_1_118' title='bbox 227 835 283 874; x_wconf 86' lang='lat' dir='ltr'>vel</span> <span class='ocrx_word' id='word_1_119' title='bbox 306 835 472 874; x_wconf 85' lang='lat' dir='ltr'>molliter</span> <span class='ocrx_word' id='word_1_120' title='bbox 492 836 618 874; x_wconf 82' lang='lat' dir='ltr'>vivere</span> <span class='ocrx_word' id='word_1_121' title='bbox 641 837 748 888; x_wconf 87' lang='lat' dir='ltr'>copia</span> <span class='ocrx_word' id='word_1_122' title='bbox 766 842 858 880; x_wconf 85' lang='lat' dir='ltr'>erat,</span> <span class='ocrx_word' id='word_1_123' title='bbox 876 837 1019 875; x_wconf 84' lang='lat' dir='ltr'>incerta</span> <span class='ocrx_word' id='word_1_124' title='bbox 1041 848 1113 886; x_wconf 88' lang='lat' dir='ltr'>pro</span> <span class='ocrx_word' id='word_1_125' title='bbox 1131 836 1363 880; x_wconf 79' lang='lat' dir='ltr'>certis,be1-</span> 
     </span>
     <span class='ocr_line' id='line_1_15' title="bbox 69 889 1398 942; baseline -0.002 -14"><span class='ocrx_word' id='word_1_126' title='bbox 69 889 148 929; x_wconf 89' lang='lat' dir='ltr'>lum</span> <span class='ocrx_word' id='word_1_127' title='bbox 177 903 290 941; x_wconf 85' lang='lat' dir='ltr'>quam</span> <span class='ocrx_word' id='word_1_128' title='bbox 313 903 446 940; x_wconf 80' lang='lat' dir='ltr'>paoem</span> <span class='ocrx_word' id='word_1_129' title='bbox 476 891 680 929; x_wconf 80' lang='lat' dir='ltr'>malebant</span> <span class='ocrx_word' id='word_1_130' title='bbox 727 892 852 930; x_wconf 88' lang='lat' dir='ltr'>Fuere</span> <span class='ocrx_word' id='word_1_131' title='bbox 875 893 964 929; x_wconf 91' lang='lat' dir='ltr'>item</span> <span class='ocrx_word' id='word_1_132' title='bbox 987 904 1027 929; x_wconf 88' lang='lat' dir='ltr'>ca</span> <span class='ocrx_word' id='word_1_133' title='bbox 1049 895 1273 942; x_wconf 84' lang='lat' dir='ltr'>tempestate</span> <span class='ocrx_word' id='word_1_134' title='bbox 1299 892 1363 942; x_wconf 87' lang='lat' dir='ltr'>qui</span> <span class='ocrx_word' id='word_1_135' title='bbox 1378 895 1398 926; x_wconf 94' lang='lat'><strong>7</strong></span> 
     </span>
     <span class='ocr_line' id='line_1_16' title="bbox 23 945 1364 996; baseline 0 -12"><span class='ocrx_word' id='word_1_136' title='bbox 23 958 55 984; x_wconf 76' lang='lat'>15</span> <span class='ocrx_word' id='word_1_137' title='bbox 69 945 273 985; x_wconf 84' lang='lat' dir='ltr'>crederent</span> <span class='ocrx_word' id='word_1_138' title='bbox 301 946 349 984; x_wconf 82' lang='lat' dir='ltr'>M.</span> <span class='ocrx_word' id='word_1_139' title='bbox 382 945 567 984; x_wconf 89' lang='lat' dir='ltr'>Licinium</span> <span class='ocrx_word' id='word_1_140' title='bbox 601 946 778 985; x_wconf 88' lang='lat' dir='ltr'>Crassum</span> <span class='ocrx_word' id='word_1_141' title='bbox 806 958 882 985; x_wconf 93' lang='lat' dir='ltr'>non</span> <span class='ocrx_word' id='word_1_142' title='bbox 909 947 1085 996; x_wconf 84' lang='lat' dir='ltr'>ignarum</span> <span class='ocrx_word' id='word_1_143' title='bbox 1118 946 1198 984; x_wconf 90' lang='lat' dir='ltr'>eius</span> <span class='ocrx_word' id='word_1_144' title='bbox 1230 946 1364 984; x_wconf 85' lang='lat' dir='ltr'>consili</span> 
     </span>
     <span class='ocr_line' id='line_1_17' title="bbox 68 1001 1363 1052; baseline 0.001 -13"><span class='ocrx_word' id='word_1_145' title='bbox 68 1001 205 1040; x_wconf 83' lang='lat' dir='ltr'>fuisse:</span> <span class='ocrx_word' id='word_1_146' title='bbox 228 1002 314 1052; x_wconf 86' lang='lat' dir='ltr'>quia</span> <span class='ocrx_word' id='word_1_147' title='bbox 336 1001 395 1039; x_wconf 93' lang='lat' dir='ltr'>Gn</span> <span class='ocrx_word' id='word_1_148' title='bbox 431 1001 648 1052; x_wconf 82' lang='lat' dir='ltr'>Pompeius,</span> <span class='ocrx_word' id='word_1_149' title='bbox 673 1003 815 1040; x_wconf 80' lang='lat' dir='ltr'>invisus</span> <span class='ocrx_word' id='word_1_150' title='bbox 839 1002 921 1051; x_wconf 86' lang='lat' dir='ltr'>ipsi,</span> <span class='ocrx_word' id='word_1_151' title='bbox 946 1013 1126 1052; x_wconf 80' lang='lat' dir='ltr'>magnum</span> <span class='ocrx_word' id='word_1_152' title='bbox 1153 1003 1363 1040; x_wconf 83' lang='lat' dir='ltr'>exercitum</span> 
     </span>
     <span class='ocr_line' id='line_1_18' title="bbox 69 1055 1362 1107; baseline 0.001 -13"><span class='ocrx_word' id='word_1_153' title='bbox 69 1055 261 1101; x_wconf 87' lang='lat' dir='ltr'>ductabat,</span> <span class='ocrx_word' id='word_1_154' title='bbox 284 1057 448 1095; x_wconf 75' lang='lat' dir='ltr'>cuiusvis</span> <span class='ocrx_word' id='word_1_155' title='bbox 472 1069 564 1107; x_wconf 84' lang='lat' dir='ltr'>opes</span> <span class='ocrx_word' id='word_1_156' title='bbox 585 1056 746 1096; x_wconf 77' lang='lat' dir='ltr'>voluisse</span> <span class='ocrx_word' id='word_1_157' title='bbox 770 1061 901 1094; x_wconf 88' lang='lat' dir='ltr'>contra</span> <span class='ocrx_word' id='word_1_158' title='bbox 928 1056 1027 1095; x_wconf 89' lang='lat' dir='ltr'>illius</span> <span class='ocrx_word' id='word_1_159' title='bbox 1047 1057 1256 1107; x_wconf 87' lang='lat' dir='ltr'>potentiam</span> <span class='ocrx_word' id='word_1_160' title='bbox 1279 1068 1362 1095; x_wconf 88' lang='lat' dir='ltr'>cre-</span> 
     </span>
     <span class='ocr_line' id='line_1_19' title="bbox 68 1110 1362 1162; baseline -0.001 -13"><span class='ocrx_word' id='word_1_161' title='bbox 68 1123 200 1156; x_wconf 89' lang='lat' dir='ltr'>scere,</span> <span class='ocrx_word' id='word_1_162' title='bbox 232 1112 343 1150; x_wconf 90' lang='lat' dir='ltr'>simul</span> <span class='ocrx_word' id='word_1_163' title='bbox 367 1112 573 1155; x_wconf 82' lang='lat' dir='ltr'>confisum,</span> <span class='ocrx_word' id='word_1_164' title='bbox 604 1113 634 1150; x_wconf 91' lang='lat' dir='ltr'>si</span> <span class='ocrx_word' id='word_1_165' title='bbox 660 1113 872 1150; x_wconf 88' lang='lat' dir='ltr'>coniuratio</span> <span class='ocrx_word' id='word_1_166' title='bbox 894 1111 1092 1155; x_wconf 74' lang='lat' dir='ltr'>valuisset,</span> <span class='ocrx_word' id='word_1_167' title='bbox 1122 1110 1231 1149; x_wconf 84' lang='lat' dir='ltr'>facile</span> <span class='ocrx_word' id='word_1_168' title='bbox 1263 1112 1362 1162; x_wconf 89' lang='lat' dir='ltr'>apud</span> 
     </span>
     <span class='ocr_line' id='line_1_20' title="bbox 67 1165 570 1218; baseline 0.002 -14"><span class='ocrx_word' id='word_1_169' title='bbox 67 1165 151 1204; x_wconf 85' lang='lat' dir='ltr'>illos</span> <span class='ocrx_word' id='word_1_170' title='bbox 173 1168 386 1218; x_wconf 84' lang='lat' dir='ltr'>principem</span> <span class='ocrx_word' id='word_1_171' title='bbox 411 1178 451 1205; x_wconf 90' lang='lat' dir='ltr'>se</span> <span class='ocrx_word' id='word_1_172' title='bbox 476 1167 570 1205; x_wconf 86' lang='lat' dir='ltr'>sore.</span> 
     </span>
     <span class='ocr_line' id='line_1_21' title="bbox 21 1217 1429 1272; baseline -0.001 -12"><span class='ocrx_word' id='word_1_173' title='bbox 21 1234 54 1260; x_wconf 83' lang='lat'>20</span> <span class='ocrx_word' id='word_1_174' title='bbox 182 1222 247 1260; x_wconf 88' lang='lat' dir='ltr'>Set</span> <span class='ocrx_word' id='word_1_175' title='bbox 277 1228 386 1260; x_wconf 86' lang='lat' dir='ltr'>antea</span> <span class='ocrx_word' id='word_1_176' title='bbox 418 1222 506 1259; x_wconf 85' lang='lat' dir='ltr'>item</span> <span class='ocrx_word' id='word_1_177' title='bbox 539 1223 788 1260; x_wconf 84' lang='lat' dir='ltr'>coniuravere</span> <span class='ocrx_word' id='word_1_178' title='bbox 819 1222 930 1272; x_wconf 85' lang='lat' dir='ltr'>pauci</span> <span class='ocrx_word' id='word_1_179' title='bbox 960 1227 1090 1259; x_wconf 86' lang='lat' dir='ltr'>contra</span> <span class='ocrx_word' id='word_1_180' title='bbox 1124 1234 1165 1259; x_wconf 76' lang='lat' dir='ltr'>r(</span> <span class='ocrx_word' id='word_1_181' title='bbox 1170 1234 1206 1259; x_wconf 91' lang='lat' dir='ltr'>m</span> <span class='ocrx_word' id='word_1_182' title='bbox 1235 1221 1360 1271; x_wconf 87' lang='lat' dir='ltr'>publi·</span> <span class='ocrx_word' id='word_1_183' title='bbox 1381 1217 1429 1258; x_wconf 86' lang='lat'>18</span> 
     </span>
     <span class='ocr_line' id='line_1_22' title="bbox 69 1276 1350 1327; baseline -0.001 -12"><span class='ocrx_word' id='word_1_184' title='bbox 69 1289 164 1317; x_wconf 88' lang='lat' dir='ltr'>cam</span> <span class='ocrx_word' id='word_1_185' title='bbox 183 1277 220 1314; x_wconf 90' lang='lat' dir='ltr'>in</span> <span class='ocrx_word' id='word_1_186' title='bbox 239 1277 376 1326; x_wconf 82' lang='lat' dir='ltr'>quibus</span> <span class='ocrx_word' id='word_1_187' title='bbox 394 1276 549 1315; x_wconf 80' lang='lat' dir='ltr'>Catilina</span> <span class='ocrx_word' id='word_1_188' title='bbox 566 1278 655 1316; x_wconf 84' lang='lat' dir='ltr'>suit:</span> <span class='ocrx_word' id='word_1_189' title='bbox 680 1277 725 1315; x_wconf 84' lang='lat' dir='ltr'>de</span> <span class='ocrx_word' id='word_1_190' title='bbox 746 1288 816 1327; x_wconf 82' lang='lat' dir='ltr'>qua</span> <span class='ocrx_word' id='word_1_191' title='bbox 853 1288 965 1327; x_wconf 84' lang='lat' dir='ltr'>quam</span> <span class='ocrx_word' id='word_1_192' title='bbox 984 1277 1193 1315; x_wconf 82' lang='lat' dir='ltr'>verissume</span> <span class='ocrx_word' id='word_1_193' title='bbox 1214 1282 1350 1326; x_wconf 90' lang='lat' dir='ltr'>potero</span> 
     </span>
    </p>
   </div>
   <div class='ocr_carea' id='block_1_3' title="bbox 21 1331 1408 2209">
    <p class='ocr_par' dir='ltr' id='par_1_3' title="bbox 21 1331 1408 2209">
     <span class='ocr_line' id='line_1_23' title="bbox 68 1331 1398 1383; baseline -0.002 -13"><span class='ocrx_word' id='word_1_194' title='bbox 68 1332 204 1371; x_wconf 90' lang='lat' dir='ltr'>dicam.</span> <span class='ocrx_word' id='word_1_195' title='bbox 230 1331 273 1370; x_wconf 91' lang='lat' dir='ltr'>L.</span> <span class='ocrx_word' id='word_1_196' title='bbox 292 1331 402 1370; x_wconf 90' lang='lat' dir='ltr'>Tullo</span> <span class='ocrx_word' id='word_1_197' title='bbox 421 1331 496 1383; x_wconf 75' lang='lat' dir='ltr'>[et]</span> <span class='ocrx_word' id='word_1_198' title='bbox 515 1332 562 1370; x_wconf 84' lang='grc' dir='ltr'>Μ’</span> <span class='ocrx_word' id='word_1_199' title='bbox 579 1332 725 1382; x_wconf 89' lang='lat' dir='ltr'>Lepido</span> <span class='ocrx_word' id='word_1_200' title='bbox 742 1332 965 1371; x_wconf 86' lang='lat' dir='ltr'>consulibus</span> <span class='ocrx_word' id='word_1_201' title='bbox 981 1331 1022 1369; x_wconf 81' lang='lat' dir='ltr'>P.</span> <span class='ocrx_word' id='word_1_202' title='bbox 1041 1332 1252 1370; x_wconf 81' lang='lat' dir='ltr'>Autronius</span> <span class='ocrx_word' id='word_1_203' title='bbox 1270 1338 1306 1370; x_wconf 87' lang='lat' dir='ltr'>et</span> <span class='ocrx_word' id='word_1_204' title='bbox 1321 1331 1362 1370; x_wconf 89' lang='lat' dir='ltr'>P.</span> <span class='ocrx_word' id='word_1_205' title='bbox 1379 1338 1398 1368; x_wconf 85' lang='lat'>2</span> 
     </span>
     <span class='ocr_line' id='line_1_24' title="bbox 69 1386 1364 1437; baseline -0.002 -11"><span class='ocrx_word' id='word_1_206' title='bbox 69 1386 186 1431; x_wconf 83' lang='lat' dir='ltr'>Sulla,</span> <span class='ocrx_word' id='word_1_207' title='bbox 208 1387 392 1437; x_wconf 75' lang='lat' dir='ltr'>designati</span> <span class='ocrx_word' id='word_1_208' title='bbox 414 1387 601 1431; x_wconf 74' lang='lat' dir='ltr'>consules,</span> <span class='ocrx_word' id='word_1_209' title='bbox 624 1386 773 1435; x_wconf 79' lang='lat' dir='ltr'>legibus</span> <span class='ocrx_word' id='word_1_210' title='bbox 794 1386 958 1424; x_wconf 84' lang='lat' dir='ltr'>ambitus</span> <span class='ocrx_word' id='word_1_211' title='bbox 980 1386 1202 1435; x_wconf 84' lang='lat' dir='ltr'>interrogati</span> <span class='ocrx_word' id='word_1_212' title='bbox 1220 1397 1364 1436; x_wconf 86' lang='lat' dir='ltr'>poenas</span> 
     </span>
     <span class='ocr_line' id='line_1_25' title="bbox 68 1441 1399 1503; baseline -0.001 -22"><span class='ocrx_word' id='word_1_213' title='bbox 68 1442 265 1481; x_wconf 85' lang='lat' dir='ltr'>dederant.</span> <span class='ocrx_word' id='word_1_214' title='bbox 319 1442 409 1480; x_wconf 74' lang='lat' dir='ltr'>I&#39;ost</span> <span class='ocrx_word' id='word_1_215' title='bbox 440 1441 554 1491; x_wconf 88' lang='lat' dir='ltr'>paulo</span> <span class='ocrx_word' id='word_1_216' title='bbox 586 1441 741 1479; x_wconf 85' lang='lat' dir='ltr'>Catilina</span> <span class='ocrx_word' id='word_1_217' title='bbox 784 1442 1035 1490; x_wconf 75' lang='lat' dir='ltr'>pecuniarum</span> <span class='ocrx_word' id='word_1_218' title='bbox 1060 1441 1399 1503; x_wconf 74' lang='lat' dir='ltr'>repetundarumss</span> 
     </span>
     <span class='ocr_line' id='line_1_26' title="bbox 21 1495 1361 1547; baseline -0.002 -11"><span class='ocrx_word' id='word_1_219' title='bbox 21 1510 53 1535; x_wconf 77' lang='lat'>25</span> <span class='ocrx_word' id='word_1_220' title='bbox 67 1509 157 1536; x_wconf 84' lang='lat' dir='ltr'>reus</span> <span class='ocrx_word' id='word_1_221' title='bbox 207 1496 424 1547; x_wconf 76' lang='lat' dir='ltr'>prohibitus</span> <span class='ocrx_word' id='word_1_222' title='bbox 460 1502 538 1534; x_wconf 88' lang='lat' dir='ltr'>crat</span> <span class='ocrx_word' id='word_1_223' title='bbox 575 1496 811 1534; x_wconf 65' lang='lat' dir='ltr'>consulatum</span> <span class='ocrx_word' id='word_1_224' title='bbox 839 1501 969 1544; x_wconf 50' lang='lat' dir='ltr'>[wichte</span> <span class='ocrx_word' id='word_1_225' title='bbox 1006 1495 1125 1543; x_wconf 71' lang='lat' dir='ltr'>[qnod</span> <span class='ocrx_word' id='word_1_226' title='bbox 1148 1497 1243 1533; x_wconf 87' lang='lat' dir='ltr'>intra</span> <span class='ocrx_word' id='word_1_227' title='bbox 1270 1495 1361 1543; x_wconf 74' lang='lat' dir='ltr'>hgi-</span> 
     </span>
     <span class='ocr_line' id='line_1_27' title="bbox 68 1550 1408 1604; baseline -0.004 -11"><span class='ocrx_word' id='word_1_228' title='bbox 68 1561 197 1594; x_wconf 83' lang='lat' dir='ltr'>tumos</span> <span class='ocrx_word' id='word_1_229' title='bbox 235 1554 318 1593; x_wconf 88' lang='lat' dir='ltr'>dies</span> <span class='ocrx_word' id='word_1_230' title='bbox 354 1554 528 1604; x_wconf 83' lang='lat' dir='ltr'>profiteri</span> <span class='ocrx_word' id='word_1_231' title='bbox 565 1551 815 1603; x_wconf 69' lang='lat' dir='ltr'>nequiveritj.</span> <span class='ocrx_word' id='word_1_232' title='bbox 883 1551 975 1589; x_wconf 81' lang='lat' dir='ltr'>Eiat</span> <span class='ocrx_word' id='word_1_233' title='bbox 1017 1550 1151 1588; x_wconf 84' lang='lat' dir='ltr'>eodem</span> <span class='ocrx_word' id='word_1_234' title='bbox 1196 1553 1408 1599; x_wconf 62' lang='lat' dir='ltr'>temporet</span> 
     </span>
     <span class='ocr_line' id='line_1_28' title="bbox 70 1606 1367 1655; baseline -0.004 -7"><span class='ocrx_word' id='word_1_235' title='bbox 70 1610 143 1648; x_wconf 90' lang='lat' dir='ltr'>Gn.</span> <span class='ocrx_word' id='word_1_236' title='bbox 175 1609 281 1654; x_wconf 87' lang='lat' dir='ltr'>Piso,</span> <span class='ocrx_word' id='word_1_237' title='bbox 320 1609 547 1648; x_wconf 84' lang='lat' dir='ltr'>adulescens</span> <span class='ocrx_word' id='word_1_238' title='bbox 583 1607 745 1650; x_wconf 87' lang='lat' dir='ltr'>nobilis,</span> <span class='ocrx_word' id='word_1_239' title='bbox 786 1618 958 1645; x_wconf 88' lang='lat' dir='ltr'>summae</span> <span class='ocrx_word' id='word_1_240' title='bbox 996 1606 1196 1649; x_wconf 86' lang='lat' dir='ltr'>audaciae,</span> <span class='ocrx_word' id='word_1_241' title='bbox 1236 1616 1367 1655; x_wconf 83' lang='lat' dir='ltr'>egens,</span> 
     </span>
     <span class='ocr_line' id='line_1_29' title="bbox 71 1659 1363 1713; baseline -0.006 -9"><span class='ocrx_word' id='word_1_242' title='bbox 71 1665 263 1707; x_wconf 68' lang='lat' dir='ltr'>factiosus,</span> <span class='ocrx_word' id='word_1_243' title='bbox 281 1674 395 1713; x_wconf 83' lang='lat' dir='ltr'>quem</span> <span class='ocrx_word' id='word_1_244' title='bbox 412 1662 457 1700; x_wconf 87' lang='lat' dir='ltr'>ad</span> <span class='ocrx_word' id='word_1_245' title='bbox 476 1661 777 1711; x_wconf 84' lang='lat' dir='ltr'>perturbandam</span> <span class='ocrx_word' id='word_1_246' title='bbox 796 1672 877 1698; x_wconf 85' lang='lat' dir='ltr'>rem</span> <span class='ocrx_word' id='word_1_247' title='bbox 893 1660 1083 1709; x_wconf 74' lang='lat' dir='ltr'>publicam</span> <span class='ocrx_word' id='word_1_248' title='bbox 1107 1659 1231 1709; x_wconf 83' lang='lat' dir='ltr'>inopia</span> <span class='ocrx_word' id='word_1_249' title='bbox 1250 1668 1363 1709; x_wconf 76' lang='lat' dir='ltr'>atque</span> 
     </span>
     <span class='ocr_line' id='line_1_30' title="bbox 71 1714 1399 1758; baseline -0.005 0"><span class='ocrx_word' id='word_1_250' title='bbox 71 1719 157 1758; x_wconf 89' lang='lat' dir='ltr'>mali</span> <span class='ocrx_word' id='word_1_251' title='bbox 190 1729 319 1757; x_wconf 88' lang='lat' dir='ltr'>mores</span> <span class='ocrx_word' id='word_1_252' title='bbox 348 1715 606 1755; x_wconf 86' lang='lat' dir='ltr'>stimulabant.</span> <span class='ocrx_word' id='word_1_253' title='bbox 674 1717 766 1754; x_wconf 91' lang='lat' dir='ltr'>Cum</span> <span class='ocrx_word' id='word_1_254' title='bbox 801 1715 871 1753; x_wconf 89' lang='lat' dir='ltr'>hoc</span> <span class='ocrx_word' id='word_1_255' title='bbox 905 1714 1058 1751; x_wconf 77' lang='lat' dir='ltr'>Catilina</span> <span class='ocrx_word' id='word_1_256' title='bbox 1093 1719 1124 1752; x_wconf 88' lang='lat' dir='ltr'>et</span> <span class='ocrx_word' id='word_1_257' title='bbox 1157 1715 1399 1752; x_wconf 69' lang='lat' dir='ltr'>Autroniusf)</span> 
     </span>
     <span class='ocr_line' id='line_1_31' title="bbox 25 1768 1362 1818; baseline -0.008 -3"><span class='ocrx_word' id='word_1_258' title='bbox 25 1789 58 1816; x_wconf 75' lang='lat'>³0</span> <span class='ocrx_word' id='word_1_259' title='bbox 71 1775 223 1813; x_wconf 85' lang='lat' dir='ltr'>circiter</span> <span class='ocrx_word' id='word_1_260' title='bbox 246 1773 374 1812; x_wconf 83' lang='lat' dir='ltr'>Nonas</span> <span class='ocrx_word' id='word_1_261' title='bbox 395 1772 617 1811; x_wconf 84' lang='lat' dir='ltr'>Decembris</span> <span class='ocrx_word' id='word_1_262' title='bbox 637 1770 793 1809; x_wconf 83' lang='lat' dir='ltr'>consilio</span> <span class='ocrx_word' id='word_1_263' title='bbox 817 1770 1085 1808; x_wconf 88' lang='lat' dir='ltr'>conmunicato</span> <span class='ocrx_word' id='word_1_264' title='bbox 1110 1768 1292 1818; x_wconf 86' lang='lat' dir='ltr'>parabant</span> <span class='ocrx_word' id='word_1_265' title='bbox 1326 1769 1362 1805; x_wconf 94' lang='lat' dir='ltr'>in</span> 
     </span>
     <span class='ocr_line' id='line_1_32' title="bbox 71 1824 1364 1879; baseline -0.006 -11"><span class='ocrx_word' id='word_1_266' title='bbox 71 1829 255 1879; x_wconf 85' lang='lat' dir='ltr'>Capitolio</span> <span class='ocrx_word' id='word_1_267' title='bbox 277 1827 455 1866; x_wconf 82' lang='lat' dir='ltr'>Kalendis</span> <span class='ocrx_word' id='word_1_268' title='bbox 477 1828 661 1866; x_wconf 80' lang='lat' dir='ltr'>Ianuariis</span> <span class='ocrx_word' id='word_1_269' title='bbox 679 1827 717 1864; x_wconf 91' lang='lat' dir='ltr'>L.</span> <span class='ocrx_word' id='word_1_270' title='bbox 737 1825 881 1863; x_wconf 81' lang='lat' dir='ltr'>Cottam</span> <span class='ocrx_word' id='word_1_271' title='bbox 907 1829 943 1862; x_wconf 87' lang='lat' dir='ltr'>ct</span> <span class='ocrx_word' id='word_1_272' title='bbox 961 1825 999 1861; x_wconf 82' lang='lat' dir='ltr'>L.</span> <span class='ocrx_word' id='word_1_273' title='bbox 1018 1824 1255 1873; x_wconf 78' lang='lat' dir='ltr'>Torquatum</span> <span class='ocrx_word' id='word_1_274' title='bbox 1275 1835 1364 1861; x_wconf 93' lang='lat' dir='ltr'>con-</span> 
     </span>
     <span class='ocr_line' id='line_1_33' title="bbox 71 1879 1365 1932; baseline -0.005 -10"><span class='ocrx_word' id='word_1_275' title='bbox 71 1883 174 1923; x_wconf 86' lang='lat' dir='ltr'>sules</span> <span class='ocrx_word' id='word_1_276' title='bbox 197 1884 433 1926; x_wconf 80' lang='lat' dir='ltr'>interficere,</span> <span class='ocrx_word' id='word_1_277' title='bbox 457 1883 526 1932; x_wconf 90' lang='lat' dir='ltr'>ipsi</span> <span class='ocrx_word' id='word_1_278' title='bbox 549 1882 714 1920; x_wconf 78' lang='lat' dir='ltr'>fascibus</span> <span class='ocrx_word' id='word_1_279' title='bbox 736 1881 929 1929; x_wconf 80' lang='lat' dir='ltr'>conreptis</span> <span class='ocrx_word' id='word_1_280' title='bbox 951 1879 1125 1916; x_wconf 64' lang='lat' dir='ltr'>Pisonem</span> <span class='ocrx_word' id='word_1_281' title='bbox 1153 1891 1237 1917; x_wconf 85' lang='lat' dir='ltr'>cum</span> <span class='ocrx_word' id='word_1_282' title='bbox 1257 1890 1365 1916; x_wconf 87' lang='lat' dir='ltr'>exer-</span> 
     </span>
     <span class='ocr_line' id='line_1_34' title="bbox 75 1933 1402 1988; baseline -0.004 -11"><span class='ocrx_word' id='word_1_283' title='bbox 75 1941 149 1978; x_wconf 89' lang='lat' dir='ltr'>citu</span> <span class='ocrx_word' id='word_1_284' title='bbox 181 1939 226 1977; x_wconf 88' lang='lat' dir='ltr'>ad</span> <span class='ocrx_word' id='word_1_285' title='bbox 256 1938 485 1988; x_wconf 79' lang='lat' dir='ltr'>optinendas</span> <span class='ocrx_word' id='word_1_286' title='bbox 515 1937 608 1975; x_wconf 72' lang='lat' dir='ltr'>duas</span> <span class='ocrx_word' id='word_1_287' title='bbox 640 1936 838 1986; x_wconf 67' lang='lat' dir='ltr'>Hispaniis</span> <span class='ocrx_word' id='word_1_288' title='bbox 870 1935 1031 1971; x_wconf 71' lang='lat' dir='ltr'>inituro.</span> <span class='ocrx_word' id='word_1_289' title='bbox 1065 1933 1107 1953; x_wconf 60' lang='lat'>&#39;³&#39;</span> <span class='ocrx_word' id='word_1_290' title='bbox 1096 1933 1115 1949; x_wconf 82' lang='lat'>’&#39;</span> <span class='ocrx_word' id='word_1_291' title='bbox 1103 1933 1209 1954; x_wconf 51' lang='lat' dir='ltr'>›na-s-</span> <span class='ocrx_word' id='word_1_292' title='bbox 1240 1933 1291 1971; x_wconf 70' lang='lat' dir='ltr'>Ea</span> <span class='ocrx_word' id='word_1_293' title='bbox 1323 1939 1402 1972; x_wconf 84' lang='lat' dir='ltr'>re6</span> 
     </span>
     <span class='ocr_line' id='line_1_35' title="bbox 73 1989 1366 2044; baseline -0.005 -11"><span class='ocrx_word' id='word_1_294' title='bbox 73 1995 222 2044; x_wconf 86' lang='lat' dir='ltr'>cognita</span> <span class='ocrx_word' id='word_1_295' title='bbox 251 2005 336 2031; x_wconf 84' lang='lat' dir='ltr'>rur:</span> <span class='ocrx_word' id='word_1_296' title='bbox 331 2004 384 2031; x_wconf 83' lang='lat' dir='ltr'>us</span> <span class='ocrx_word' id='word_1_297' title='bbox 410 1994 444 2030; x_wconf 92' lang='lat' dir='ltr'>in</span> <span class='ocrx_word' id='word_1_298' title='bbox 471 1992 598 2031; x_wconf 76' lang='lat' dir='ltr'>Nonas</span> <span class='ocrx_word' id='word_1_299' title='bbox 621 1992 647 2030; x_wconf 69' lang='lat'>1³</span> <span class='ocrx_word' id='word_1_300' title='bbox 653 1992 758 2029; x_wconf 49' lang='lat' dir='ltr'>emina</span> <span class='ocrx_word' id='word_1_301' title='bbox 763 1993 849 2027; x_wconf 69' lang='lat' dir='ltr'>«rziis</span> <span class='ocrx_word' id='word_1_302' title='bbox 875 1989 1073 2026; x_wconf 67' lang='lat' dir='ltr'>(cnsilium</span> <span class='ocrx_word' id='word_1_303' title='bbox 1095 2000 1159 2026; x_wconf 74' lang='lat' dir='ltr'>ca«</span> <span class='ocrx_word' id='word_1_304' title='bbox 1165 1989 1220 2027; x_wconf 87' lang='lat' dir='ltr'>dis</span> <span class='ocrx_word' id='word_1_305' title='bbox 1244 1994 1366 2027; x_wconf 84' lang='lat' dir='ltr'>tians-</span> 
     </span>
     <span class='ocr_line' id='line_1_36' title="bbox 27 2043 1400 2093; baseline -0.006 -4"><span class='ocrx_word' id='word_1_306' title='bbox 27 2048 391 2089; x_wconf 70' lang='lat' dir='ltr'>a⁵tulerant1a1n</span> <span class='ocrx_word' id='word_1_307' title='bbox 420 2053 499 2084; x_wconf 90' lang='lat' dir='ltr'>tum</span> <span class='ocrx_word' id='word_1_308' title='bbox 540 2059 614 2084; x_wconf 92' lang='lat' dir='ltr'>non</span> <span class='ocrx_word' id='word_1_309' title='bbox 657 2059 747 2083; x_wconf 85' lang='lat' dir='ltr'>con</span> <span class='ocrx_word' id='word_1_310' title='bbox 733 2046 828 2082; x_wconf 82' lang='lat' dir='ltr'>ulii</span> <span class='ocrx_word' id='word_1_311' title='bbox 824 2058 876 2081; x_wconf 71' lang='lat' dir='ltr'>u&lt;</span> <span class='ocrx_word' id='word_1_312' title='bbox 908 2044 1041 2087; x_wconf 78' lang='lat' dir='ltr'>modo</span> <span class='ocrx_word' id='word_1_313' title='bbox 1082 2049 1134 2080; x_wconf 75' lang='lat' dir='ltr'>s‹t</span> <span class='ocrx_word' id='word_1_314' title='bbox 1174 2043 1400 2093; x_wconf 65' lang='lat' dir='ltr'>pli-risque7</span> 
     </span>
     <span class='ocr_line' id='line_1_37' title="bbox 74 2099 1403 2154; baseline -0.005 -12"><span class='ocrx_word' id='word_1_315' title='bbox 74 2102 758 2154; x_wconf 61' lang='lat' dir='ltr'>senatoribusperni‹iemmachinis-¹1</span> <span class='ocrx_word' id='word_1_316' title='bbox 764 2107 886 2137; x_wconf 26' lang='lat' dir='ltr'>Quinir</span> <span class='ocrx_word' id='word_1_317' title='bbox 921 2099 1028 2143; x_wconf 79' lang='lat' dir='ltr'>Quod</span> <span class='ocrx_word' id='word_1_318' title='bbox 1053 2101 1087 2136; x_wconf 89' lang='lat' dir='ltr'>ni</span> <span class='ocrx_word' id='word_1_319' title='bbox 1111 2099 1136 2135; x_wconf 74' lang='grc' dir='ltr'>Γ</span> <span class='ocrx_word' id='word_1_320' title='bbox 1140 2099 1264 2136; x_wconf 75' lang='lat' dir='ltr'>nitina</span> <span class='ocrx_word' id='word_1_321' title='bbox 1288 2111 1368 2136; x_wconf 79' lang='lat' dir='ltr'>ina-</span> <span class='ocrx_word' id='word_1_322' title='bbox 1382 2104 1403 2137; x_wconf 88' lang='lat'>8</span> 
     </span>
     <span class='ocr_line' id='line_1_38' title="bbox 73 2154 1366 2209; baseline -0.005 -11"><span class='ocrx_word' id='word_1_323' title='bbox 73 2164 240 2198; x_wconf 79' lang='lat' dir='ltr'>turassot</span> <span class='ocrx_word' id='word_1_324' title='bbox 268 2171 339 2209; x_wconf 84' lang='lat' dir='ltr'>pro</span> <span class='ocrx_word' id='word_1_325' title='bbox 371 2159 476 2196; x_wconf 77' lang='lat' dir='ltr'>mnia</span> <span class='ocrx_word' id='word_1_326' title='bbox 509 2159 658 2206; x_wconf 68' lang='lat' dir='ltr'>signum</span> <span class='ocrx_word' id='word_1_327' title='bbox 686 2156 797 2192; x_wconf 70' lang='lat' dir='ltr'>sociis</span> <span class='ocrx_word' id='word_1_328' title='bbox 825 2156 935 2197; x_wconf 79' lang='lat' dir='ltr'>clarc,</span> <span class='ocrx_word' id='word_1_329' title='bbox 968 2167 1012 2190; x_wconf 69' lang='grc' dir='ltr'>ιο</span> <span class='ocrx_word' id='word_1_330' title='bbox 1036 2155 1094 2191; x_wconf 74' lang='grc' dir='ltr'>«Ην</span> <span class='ocrx_word' id='word_1_331' title='bbox 1122 2159 1202 2203; x_wconf 52' lang='lat' dir='ltr'>post</span> <span class='ocrx_word' id='word_1_332' title='bbox 1237 2154 1366 2191; x_wconf 84' lang='lat' dir='ltr'>‹ondi-</span> 
     </span>
    </p>
   </div>
   <div class='ocr_carea' id='block_1_4' title="bbox 73 2208 1364 2262">
    <p class='ocr_par' dir='ltr' id='par_1_4' title="bbox 73 2208 1364 2262">
     <span class='ocr_line' id='line_1_39' title="bbox 73 2208 1364 2262; baseline -0.008 -9"><span class='ocrx_word' id='word_1_333' title='bbox 73 2217 151 2253; x_wconf 82' lang='lat' dir='ltr'>tam</span> <span class='ocrx_word' id='word_1_334' title='bbox 167 2213 304 2252; x_wconf 88' lang='lat' dir='ltr'>urbem</span> <span class='ocrx_word' id='word_1_335' title='bbox 327 2213 487 2251; x_wconf 82' lang='lat' dir='ltr'>Romam</span> <span class='ocrx_word' id='word_1_336' title='bbox 506 2224 728 2262; x_wconf 81' lang='lat' dir='ltr'>pessumum</span> <span class='ocrx_word' id='word_1_337' title='bbox 747 2211 893 2248; x_wconf 74' lang='lat' dir='ltr'>sicinus</span> <span class='ocrx_word' id='word_1_338' title='bbox 914 2215 1104 2260; x_wconf 86' lang='lat' dir='ltr'>patratum</span> <span class='ocrx_word' id='word_1_339' title='bbox 1129 2210 1239 2246; x_wconf 80' lang='lat' dir='ltr'>soret.</span> <span class='ocrx_word' id='word_1_340' title='bbox 1271 2208 1364 2252; x_wconf 76' lang='lat' dir='ltr'>Quia</span> 
     </span>
    </p>
   </div>
  </div>
 </body>
</html>
