1537 2512
123 92 146 130 2
308 104 362 129 DE
399 102 628 130 CATILINAE
660 101 990 129 covaATxoxE.
1021 101 1057 127 ο.
1088 95 1122 128 2.
1152 96 1185 130 3.
1211 97 1246 130 4.

125 214 187 242 res
206 201 399 241 humanae
418 200 627 245 haberent,
653 212 780 251 neque
802 199 903 238 aliud
926 198 998 238 alio
1021 199 1115 238 ferri
1134 209 1262 251 neque
1283 199 1426 238 mutari

90 270 109 299 -i
125 269 170 296 ac
188 257 343 295 misceri
364 257 490 295 onmia
512 267 706 295 cerneres.
734 252 830 292 Nam
841 253 1050 305 imperium
1073 254 1183 294 facile
1206 255 1260 294 eis
1275 254 1425 294 artibus

92 313 324 356 met-inetur,
357 311 497 363 quibus
518 312 624 350 initio
653 316 808 362 partum
839 314 906 350 est.
938 310 1083 349 Verum
1104 309 1171 348 ubi
1192 321 1264 360 pro
1289 309 1426 349 labore

130 368 293 411 desidia,
326 378 398 418 pro
421 367 654 405 continentia
677 370 715 405 et
734 366 925 417 aequitate
949 364 1082 404 lubido
1107 369 1222 416 atque
1243 364 1425 416 superbla
1475 361 1479 363 ⁴

92 425 321 467 6invasere‚
368 422 523 461 fortuna
567 421 680 461 simul
725 433 814 460 cum
855 419 1030 459 moribus
1068 421 1293 459 inmutatur.
1371 420 1425 459 Ita
1441 436 1457 462 5

126 478 336 528 imperium
355 488 510 528 semper
548 477 593 515 ad
634 481 836 528 optumum
871 488 1064 527 quemque
1100 488 1121 514 a
1157 477 1284 515 mimis
1323 475 1428 515 bono

124 531 372 571 transfertur.
1409 550 1425 562 ,1

93 599 112 629 7
240 587 346 633 Quae
376 587 552 628 homines
573 593 684 627 arant
705 588 885 637 navigant
908 587 1121 631 aedificant,
1151 587 1281 625 virtuti
1302 587 1429 625 omnia

94 653 115 686 8
129 647 278 694 parent.
333 642 399 682 Set
422 643 531 682 multi
551 643 874 692 mortales‚dediti
893 642 1018 681 ventri
1044 645 1159 693 atque
1183 652 1339 686 somno,
1370 642 1429 680 in-

127 699 229 738 docti
247 697 458 749 incultique
479 699 593 737 vitam
621 699 733 738 sicuti
750 698 1044 749 peregrinantes
1061 698 1266 736 transiere:
1290 696 1476 748 quibusio
1516 722 1517 726 =

125 754 301 805 profecto
326 759 460 792 contra
480 758 659 793 naturam
677 765 818 804 corpus
837 753 1040 803 voluptati,
1064 753 1190 791 anima
1214 752 1324 791 oneri
1345 751 1428 791 suit.

125 810 272 848 Eorum
299 820 371 859 ego
398 810 513 848 vitam
539 815 783 860 mortemque
813 810 917 847 iuxta
947 813 1133 852 aestumo,
1167 807 1350 860 quoniam
1384 806 1431 847 de

93 870 293 915 outraque
321 864 467 903 siletur.
527 864 672 903 Verum
702 866 898 904 enimvero
927 864 958 902 is
990 863 1147 903 demum
1176 863 1271 902 mihi
1300 863 1428 902 vivere

128 926 243 971 atque
266 919 344 959 frui
365 920 492 959 anima
513 920 685 965 videtur,
710 921 775 972 qui
800 919 927 970 aliquo
949 919 1104 968 negotio
1128 919 1298 958 intentus
1318 929 1432 969 prae·

128 975 222 1015 clari
241 975 423 1014 facinoris
445 980 510 1014 aut
531 976 622 1014 artis
642 975 768 1014 bonae
789 975 931 1014 samam
952 975 1114 1026 quaerit.
1145 974 1212 1013 Set
1229 975 1269 1013 in
1292 983 1432 1024 magna
1446 989 1478 1016 15

129 1031 238 1082 copia
262 1042 398 1070 rerum
423 1030 525 1070 aliud
557 1030 618 1070 alii
646 1035 785 1070 natura
819 1031 892 1070 iter
922 1030 1098 1068 ostendit.

89 1085 111 1124 3
240 1085 428 1125 Pulcrum
453 1092 511 1125 est
537 1085 638 1126 bene
659 1086 788 1126 facere
814 1086 872 1124 rei
897 1084 1096 1136 publicae,
1121 1085 1235 1125 etiam
1255 1083 1356 1124 bene
1377 1083 1433 1124 di-

131 1154 220 1181 cere
247 1141 342 1181 haut
371 1141 585 1181 absurdum
617 1146 692 1181 est:
733 1141 792 1180 vel
822 1152 918 1192 pace
949 1139 1008 1180 vel
1037 1139 1139 1180 bello
1172 1139 1322 1179 clarum
1350 1139 1435 1180 fieri

128 1197 235 1236 licet:
259 1202 296 1235 et
320 1197 384 1248 qui
408 1196 537 1236 secere
559 1203 596 1236 et
617 1198 682 1248 qui
702 1196 799 1236 facta
824 1195 989 1235 aliorum
1009 1196 1201 1247 scripsere
1220 1194 1331 1234 multi
1352 1194 1434 1235 lau·

98 1253 287 1292 2dantur.
333 1253 387 1291 Ac
411 1252 504 1291 mihi
527 1253 701 1303 quidem,
726 1253 874 1291 tametsi
893 1251 1183 1302 hautquaquam
1211 1262 1283 1302 par
1313 1249 1482 1301 gloriam

130 1308 305 1359 sequitur
323 1308 554 1358 scriptorem
577 1312 614 1347 et
633 1314 805 1347 actorem
825 1319 977 1351 rerum,
1006 1312 1136 1346 tamen
1159 1307 1198 1345 in
1218 1307 1353 1357 primis
1374 1318 1435 1346 ar-

132 1364 252 1403 duum
273 1363 424 1402 videtur
451 1375 515 1403 res
543 1368 670 1413 gestas
690 1362 883 1413 scribere,
913 1363 1081 1412 primum
1106 1362 1210 1414 quod
1237 1360 1335 1400 sacta
1357 1362 1436 1401 dic·

131 1420 178 1458 tis
208 1418 458 1469 exaequanda
484 1423 595 1463 sunt,
625 1419 765 1458 dehinc
783 1419 870 1469 quia
891 1417 1067 1468 plerique
1092 1429 1190 1469 quae
1216 1417 1354 1457 delicta
1374 1429 1437 1457 re-

133 1473 387 1525 prehenderis
423 1473 680 1513 malivolentia
720 1479 757 1514 et
788 1474 927 1512 invidia
959 1473 1058 1511 dicta
1088 1478 1244 1524 putant,
1283 1472 1350 1512 ubi
1389 1473 1436 1512 de

132 1540 273 1579 magna
304 1530 445 1568 virtute
471 1535 585 1580 atque
619 1529 740 1579 gloria
770 1529 965 1568 bonorum
988 1540 1205 1573 memoreS‚
1236 1540 1335 1579 quae
1365 1527 1483 1574 sibi25

133 1586 295 1636 quisque
326 1584 449 1623 facilia
480 1584 582 1624 sactu
613 1589 722 1636 putat
747 1597 870 1636 aequo
901 1585 1028 1622 animo
1060 1585 1210 1634 accipit,
1243 1595 1360 1634 supra
1392 1595 1437 1624 ea

133 1639 248 1679 veluti
278 1640 368 1679 ficta
396 1652 467 1691 pro
495 1640 598 1679 falsis
627 1641 744 1679 ducit.

98 1706 119 1739 :3
247 1695 314 1735 Set
343 1706 414 1745 ego
440 1695 753 1735 adulescentulus
776 1695 883 1734 initio
909 1695 1019 1733 sicuti
1042 1693 1217 1746 plerique
1239 1694 1365 1734 studio
1389 1695 1437 1734 ad

133 1763 216 1791 rem
238 1750 433 1801 publicam
456 1751 555 1791 latus
584 1763 690 1796 sum,
723 1751 853 1802 ibique
874 1750 967 1788 mihi
988 1749 1106 1788 multa
1127 1749 1289 1789 advorsa
1313 1750 1435 1790 fuere.

131 1806 229 1846 Nam
249 1818 321 1857 pro
345 1807 507 1857 pudore,
530 1818 602 1857 pro
623 1806 871 1850 abstinentia,
896 1817 969 1856 pro
991 1807 1131 1844 virtute
1157 1805 1338 1849 audacia,
1359 1804 1485 1851 lar-„0
1532 1843 1537 1849 ,

102 1871 118 1901 4
134 1863 237 1912 gilio,
260 1863 415 1901 avaritia
440 1862 630 1912 vigebant.
674 1862 779 1908 Quae
802 1861 950 1899 tametsi
971 1861 1122 1899 animus
1141 1860 1425 1911 aspernabatur
1531 1859 1537 1908 ζ

135 1916 305 1956 insolens
327 1917 517 1956 malarum
543 1918 702 1962 artium,
725 1922 853 1956 tamen
884 1918 983 1955 inter
1011 1921 1114 1955 tauta
1143 1917 1229 1954 vitia
1260 1915 1438 1956 inbecilla
1527 1917 1537 1968 ξ

103 1978 243 2015 5aetas
274 1973 481 2012 ambitione
505 1978 694 2024 conrupta
715 1972 940 2012 tenebatur:
972 1984 1016 2010 ac
1044 1983 1124 2016 me,
1157 1983 1245 2010 cum
1275 1971 1323 2010 ab
1348 1970 1438 2011 reli·

136 2040 297 2067 cuorum
330 2028 439 2067 malis
470 2029 645 2068 moribus
676 2029 938 2071 dissentirem.
970 2027 1089 2066 nihilo
1120 2028 1248 2066 minus
1274 2026 1437 2066 honoris

136 2083 275 2134 cupido
295 2084 428 2122 cadem
450 2086 662 2132 eademque
680 2097 778 2135 quac
791 2090 941 2123 ceteros
965 2083 1064 2121 sama
1084 2088 1198 2133 atque
1220 2082 1359 2121 invidia
1374 2095 1485 2131 vta-35

92 2141 115 2179 4
134 2138 261 2178 xabat.
311 2139 432 2188 Igitur
451 2139 517 2178 ubi
541 2141 691 2179 animus
713 2153 758 2178 ex
784 2139 913 2178 multis
934 2139 1098 2178 miseriis
1119 2143 1234 2189 atque
1255 2136 1439 2188 periculis

137 2194 325 2246 requievit
350 2200 385 2234 ct
407 2195 501 2234 mihi
530 2195 715 2234 relicuum
737 2200 899 2234 aetatem
922 2207 941 2233 a
969 2206 1012 2233 rc
1034 2193 1187 2244 pubHca
1210 2192 1347 2243 procul
1370 2192 1439 2232 ha-

138 2249 303 2289 bendam
329 2250 501 2293 decrevi.
534 2263 610 2289 nou
639 2251 704 2290 suit
730 2250 929 2289 consilium
952 2249 1127 2288 socordia
1150 2254 1264 2301 atque
1295 2248 1436 2289 desidia
