1537 2512
77 63 130 106 68
354 77 409 103 m:
439 76 574 103 nunno
603 77 866 104 wovn'rmno
900 77 936 105 c.
968 71 1026 106 49.
1054 73 1110 105 50.

9 175 63 215 49
191 175 312 225 Igitur
333 175 372 212 in
403 185 448 213 eo
470 173 587 218 colle,
610 186 724 225 quem
746 179 970 214 transvorso
996 176 1133 214 itinere
1153 180 1379 226 porrectum

79 231 298 274 docuimus,
331 228 519 278 Iugurtha
540 232 746 268 extenuata
769 229 968 282 [suorum]
992 231 1074 269 acie
1094 229 1279 277 consedit,
1302 229 1378 269 ele-

78 286 229 336 phantis
251 289 289 324 et
312 286 412 335 parti
433 285 631 335 copiarum
653 285 892 334 pedestrium
912 284 1169 324 Bomilcarem
1189 284 1378 336 praefecit

79 353 244 391 eumque
264 340 401 379 edocet
418 351 517 390 quae
535 344 679 388 ageret,
702 340 783 390 ipse
804 341 964 390 propior
982 345 1151 379 montem
1169 352 1257 379 cum
1274 341 1379 379 omni

43 408 63 438 2
80 397 249 446 equitatu
276 400 315 434 et.
335 394 527 445 peditibus
550 395 707 433 delectis
735 406 825 434 suos
850 395 1037 434 conlocat.
1082 395 1177 434 Dein
1207 395 1376 445 singulas
1391 410 1407 434 ε

77 457 224 489 turmas
264 455 301 489 et
330 449 546 500 manipulos
579 451 810 489 circumiens
844 456 976 490 monet
1005 456 1119 502 atque
1150 449 1376 495 obtestatur,

77 508 132 545 uti
162 517 354 545 memores
384 506 567 556 pristinae
594 506 743 544 virtutis
773 510 809 544 et
828 506 1008 544 victoriae
1029 517 1113 545 sese
1136 515 1378 557 regnumque

78 573 191 601 suum
212 560 259 600 ab
282 560 547 600 Romanorum
568 561 722 599 avaritia
747 560 972 599 defendant:
995 572 1083 600 cum
1106 562 1161 600 eis
1183 564 1378 600 certamen

78 617 180 661 sore,
218 627 314 667 quos
352 620 462 656 antea
499 616 617 654 victos
648 615 718 654 suh
751 617 885 665 iugum
914 617 1108 655 miserint:
1141 616 1280 655 ducem
1304 615 1377 655 illis

77 684 156 711 non
187 673 358 710 animum
377 675 585 710 mutatum:
620 683 718 722 quae
740 670 788 710 ab
806 671 1042 721 imperatore
1056 671 1268 716 decuerint,
1293 683 1373 710 om·
1391 686 1421 711 ιο

77 729 141 766 nia
163 729 241 766 suis
261 728 432 777 provisa,
456 725 584 765 locum
606 727 868 776 superiorem,
897 731 939 765 ut
968 727 1180 777 prudentes
1212 739 1299 765 cum
1321 728 1378 765 in-

78 783 234 832 peritiS,
272 794 321 821 ne
355 783 560 832 pauciores
593 793 679 820 cum
710 781 887 831 pluribus
916 787 982 820 aut
1010 782 1128 821 rudes
1160 794 1247 821 cum
1287 780 1380 821 belli

43 837 303 882 amelioribus
333 849 491 876 manum
523 842 792 876 consererent:
823 837 987 887 proinde
1014 838 1138 888 parati
1167 838 1380 888 intentique

80 898 208 932 essent
228 894 338 943 signo
363 893 450 931 dato
470 892 666 931 Romanos
686 892 887 931 invadere:
914 892 1021 931 illum
1043 893 1141 932 diem
1169 897 1235 932 aut
1257 893 1380 931 omnis

78 948 232 987 labores
253 953 290 987 et
311 949 488 987 victorias
511 947 829 986 confirmaturum
852 952 917 986 aut
935 960 1205 987 maxumarum
1227 959 1380 987 aerum-
1396 961 1426 987 is

43 1011 63 1042 4
79 1015 217 1042 narum
238 1004 387 1042 initium
413 1003 518 1041 sore:
547 1002 594 1041 ad
623 1002 699 1041 hoc
718 1003 877 1048 viritim,
909 1005 964 1042 uti
989 1015 1182 1055 quemque
1213 1003 1262 1042 ob
1283 1002 1380 1042 mili·

80 1065 162 1098 tare
193 1059 342 1097 facinus
371 1059 535 1108 pecunia
566 1063 631 1096 aut
654 1057 803 1097 honore
829 1058 1028 1104 extulerat,
1060 1059 1380 1098 conmonefacere

79 1114 232 1153 benifici
256 1115 315 1153 sui
336 1119 373 1153 et
397 1126 484 1153 eum
507 1114 633 1163 ipsum
658 1113 740 1151 aliis
766 1118 981 1153 ostentare:
1003 1119 1199 1166 postremo
1221 1125 1294 1164 pro
1315 1121 1380 1153 cu-

81 1171 219 1220 iusque
249 1170 402 1220 ingenio
433 1168 651 1218 pollicendo
678 1169 890 1208 minitando
914 1169 1141 1208 obtestando
1163 1169 1280 1209 alium
1308 1168 1381 1208 alio

45 1225 194 1268 5modo
239 1226 429 1268 excitare,
470 1236 557 1262 cum
596 1225 749 1262 interim
781 1223 975 1269 Metellus,
1014 1226 1173 1275 ignarus
1213 1225 1427 1264 hostiumn

78 1283 208 1319 monte
230 1280 459 1330 degrediens
481 1291 568 1318 cum
595 1280 766 1318 exercitu
807 1281 1072 1331 conspicatur,
1098 1282 1223 1330 primo
1244 1279 1383 1319 dubius

80 1335 263 1386 quidnam
295 1334 446 1374 insolita
476 1334 594 1373 facies
625 1334 846 1374 ostenderet
885 1358 930 1363 —
963 1347 1051 1374 nam
1090 1337 1190 1374 inter
1220 1334 1382 1386 virgulta

81 1392 167 1441 equi
194 1390 460 1441 Numidaeque
492 1390 769 1434 consederant,
801 1402 927 1441 neque
955 1391 1067 1442 plane
1102 1391 1281 1430 occultati
1310 1390 1382 1430 hu—

79 1446 237 1485 militate
261 1445 459 1489 arborum,
480 1451 517 1484 et
540 1451 668 1484 tamen
689 1446 825 1484 incerti
850 1446 1033 1496 quidnam
1054 1451 1173 1491 esset,
1205 1458 1293 1485 eum
1314 1457 1381 1484 na—

78 1506 166 1540 tura
192 1502 265 1540 loci
289 1506 371 1540 tum
396 1501 484 1540 dolo
514 1502 585 1551 ipsi
605 1506 719 1552 atque
748 1502 855 1550 signa
883 1501 1059 1540 militaria
1090 1501 1285 1541 obscurati
1318 1513 1426 1546 —-,25

45 1563 67 1596 6
83 1558 169 1596 dein
199 1557 308 1595 brevi
333 1557 494 1605 cognitis
519 1557 664 1595 insidiis
692 1556 888 1607 paulisper
910 1568 1048 1607 agmen
1076 1558 1282 1596 constituit..
1325 1556 1381 1595 Ibi

81 1613 310 1652 conmutatis
328 1611 527 1650 ordinibus
544 1612 581 1649 in
592 1611 997 1663 dexterolatere,quod
1013 1624 1246 1663 proxumum
1262 1612 1382 1651 hostis

81 1673 181 1712 erat,
212 1666 426 1717 triplicibus
455 1666 634 1705 subsidiis
663 1668 784 1706 aciem
815 1668 1010 1711 instruxit,
1043 1668 1142 1706 inter
1166 1667 1382 1718 manipulos

80 1723 295 1763 funditores
322 1727 357 1760 et
377 1723 594 1772 sagittarios
620 1722 804 1772 dispertit,
830 1723 1038 1773 equitatum
1061 1735 1214 1762 omnem
1235 1723 1272 1761 in
1295 1734 1379 1762 cor·

80 1778 194 1817 nibus
214 1778 326 1823 locat,
356 1789 400 1816 ac
420 1789 544 1828 pauca
574 1789 644 1827 pro
674 1782 848 1827 tempore
878 1777 1016 1816 milites
1045 1777 1222 1816 hortatus
1245 1779 1379 1823 aciem,
1395 1788 1428 1815 ao

81 1835 190 1872 sicuti
216 1835 462 1882 instruxerat,
479 1833 708 1871 transvorsis
737 1833 934 1883 principiis
964 1834 1002 1871 in
1029 1832 1187 1883 planum
1215 1833 1379 1873 deducit.

14 1890 66 1930 50
83 1889 146 1927 Set
167 1888 233 1927 ubi
253 1887 438 1927 Numidas
465 1889 613 1939 quietos
636 1900 761 1938 neque
789 1887 884 1926 colle
915 1888 1073 1938 degredi
1101 1888 1380 1932 animadvortit,

85 1945 226 1982 veritus
255 1956 300 1982 ex
323 1944 411 1981 anni
432 1948 605 1993 tempore
637 1948 672 1981 et
703 1944 829 1993 inopia
851 1955 990 1993 aquae,
1018 1955 1066 1982 ne
1087 1945 1148 1982 siti
1171 1944 1379 1983 conficere-

83 2005 145 2038 tur
168 1999 378 2042 exercitus,
411 1999 453 2037 P.
482 1998 666 2037 Rutilium
693 1998 860 2048 legatum
893 2011 980 2037 cum
1005 1999 1190 2049 expeditis
1215 1999 1381 2038 cohorti·

83 2054 157 2093 bus
180 2058 216 2093 et
234 2059 343 2103 parte
365 2054 535 2104 equitum
559 2055 756 2103 praemisit
778 2053 824 2092 ad
845 2053 1001 2098 flumen,
1025 2055 1080 2092 uti
1100 2053 1227 2093 locum
1249 2055 1382 2094 castris
1395 2064 1427 2090 ss

84 2114 343 2159 antecaperet,
376 2109 610 2147 existumans
635 2109 754 2148 hostis
779 2108 918 2148 crebro
942 2110 1072 2160 inpetu
1093 2114 1130 2148 et
1151 2110 1380 2150 transvorsis

83 2163 239 2216 proeliis
272 2165 343 2203 iter
370 2175 482 2203 suum
513 2169 778 2203 remoraturos
809 2170 845 2203 et
875 2166 1055 2215 quoniam
1091 2165 1206 2203 armis
1233 2164 1380 2205 diffide·

49 2230 70 2262 2
86 2225 185 2266 rent,
206 2219 467 2259 lassitudinem
491 2224 527 2258 ct
547 2220 644 2258 sitim
668 2219 828 2259 militum
844 2224 1108 2270 temptaturos.
1136 2219 1280 2260 Deinde
1299 2221 1381 2272 ipse

1533 2014 1537 2093 ἶ]

1533 2099 1537 2128 l

1531 2140 1537 2174 t

1532 2179 1537 2238 ἶ

1532 2274 1537 2331 l
