1537 2512
116 63 194 104 118
473 75 710 103 onuxonns
739 77 792 102 m·
821 76 1058 104 1:1‘1s'runu:

112 172 345 224 agebantur,
376 173 408 212 si
436 174 543 224 prius
571 186 687 225 quam
715 185 782 212 vos
807 174 1005 213 serviundi
1035 174 1170 220 finem,
1207 174 1261 214 illi
1291 175 1413 216 domi-

111 229 277 267 nationis
307 227 447 267 facturi
477 234 606 267 erant:
636 231 864 280 praesertim
891 241 980 268 cum
1009 229 1069 268 his
1094 229 1266 269 civilibus
1296 232 1413 270 armis

113 283 213 322 dicta
242 282 334 328 alia,
372 288 430 322 set
460 289 649 323 certatum
682 285 878 336 utrimque
914 284 961 324 de
987 285 1246 324 dominatione
1273 287 1313 325 in
1345 297 1413 325 vos

47 345 89 378 12
113 339 172 377 sit.
205 338 339 389 Itaque
362 343 490 378 cetera
515 352 561 378 ex
582 339 734 379 licentia
762 345 828 379 aut
855 340 942 379 odio
973 344 1039 380 aut
1067 341 1219 380 avaritia
1248 342 1286 380 in
1314 346 1411 381 tem·

112 405 186 444 pus
206 405 357 434 arsere:
382 396 595 445 permansit
620 407 696 434 una
716 407 779 435 res
798 395 930 439 modo,
961 407 1058 446 quae
1079 397 1273 447 utrimque
1295 409 1441 447 quae-⁵

113 450 182 488 sita
221 454 279 489 est
316 454 354 489 et
390 455 522 500 erepta
556 452 595 489 in
625 456 844 500 posterum,
880 452 935 489 vis
974 450 1197 496 tribunicia,
1234 451 1352 491 telum
1390 463 1413 490 a

47 509 89 544 13
113 504 325 544 maioribus
353 504 520 544 libertati
546 511 736 556 paratum.
768 506 879 553 Quod
910 517 982 555 ego
1008 518 1074 545 vos
1089 517 1228 546 moneo
1251 519 1412 558 quaeso-

113 572 189 611 que
217 565 261 599 ut
288 561 459 599 animum
487 561 705 606 advertatis,
736 574 813 601 neu
829 563 984 600 nomina
1008 574 1141 601 rerum
1157 561 1204 601 ad
1224 563 1413 614 ignaviam

112 620 305 655 mutantes
330 617 449 655 otium
473 628 545 666 pro
573 618 727 656 servitio
755 616 965 668 adpelletiS.
996 617 1080 663 Quo
1108 618 1182 656 iam
1209 619 1293 668 ipso
1322 617 1411 662 frui,

112 671 145 710 si
168 683 259 710 vera
287 676 325 710 et
351 671 511 711 honesta
542 671 727 722 flagitium
754 674 1012 723 superaverit,
1044 684 1123 711 non
1145 679 1202 713 est
1223 673 1456 719 conditiozm

112 725 258 771 fuisset,
291 728 322 766 si
353 728 509 766 omnino
537 728 750 777 quiessetis.
800 727 912 767 Nunc
941 729 1112 767 animum
1143 728 1346 769 advortere
1375 733 1413 768 et

112 782 185 821 nisi
221 783 403 826 viceritis,
441 783 622 833 quoniam
659 784 784 822 omnis
813 784 952 823 iniuria
982 785 1167 833 gravitate
1196 784 1313 823 tutior
1341 788 1410 827 est.

115 838 236 876 artius
266 837 479 877 habebunt.

47 896 90 929 14
224 892 323 937 Quid
340 904 474 932 censes
490 894 630 944 igitur?
658 894 792 945 aliquis
808 898 981 933 vostrum
997 894 1218 934 subiecerit.
1236 894 1412 933 Primum

113 949 285 987 omnium
301 949 556 988 amittundum
593 961 742 988 morem
778 949 882 988 hunc
915 962 1030 1000 quem
1059 951 1189 999 agitis,
1238 950 1412 1000 inpigrae
1426 967 1457 994 1⁵

112 1002 288 1053 linguae,
337 1005 453 1042 animi
481 1005 625 1054 ignavi,
655 1016 733 1044 non
763 1004 864 1044 ultra
895 1006 1083 1044 contionis
1111 1004 1240 1044 locum
1266 1016 1412 1044 memo-

48 1067 89 1102 15
111 1070 176 1097 res
204 1058 403 1099 libertatis.
469 1059 615 1099 Deinde
643 1083 699 1089 —
727 1073 776 1100 ne
812 1072 880 1099 vos
916 1061 964 1099 ad
1003 1059 1125 1099 virilia
1165 1059 1229 1099 illa
1262 1071 1410 1104 vocem,

113 1113 217 1165 quod
244 1114 423 1155 tribunos
452 1115 580 1165 plebei
609 1115 738 1159 modo,
781 1121 860 1155 tum
897 1116 1104 1166 patricium
1133 1116 1411 1166 magistratum,

112 1168 234 1209 libera
269 1169 315 1209 ab
341 1170 564 1210 auctoribus
593 1172 767 1222 patriciis
797 1172 979 1221 suffragia
1008 1172 1174 1211 maiores
1199 1173 1319 1210 vostri
1345 1183 1413 1222 pa-

111 1236 247 1265 ravere
277 1248 323 1255 -
355 1238 444 1265 cum
473 1227 528 1265 vis
557 1228 692 1272 omnis,
731 1227 908 1271 Quirites,
948 1228 986 1265 in
1019 1226 1128 1266 vobis
1158 1228 1205 1266 sit
1245 1233 1283 1266 et
1315 1238 1459 1278 quaezo

113 1281 207 1319 iussi
239 1293 344 1320 nunc
379 1293 451 1332 pro
486 1281 567 1321 aliis
599 1281 790 1326 toleratis,
828 1294 899 1333 pro
938 1282 1047 1321 vobis
1085 1293 1201 1332 agere
1240 1287 1306 1321 aut
1333 1293 1412 1320 non

114 1347 230 1386 agere
257 1341 362 1376 certe
391 1338 556 1387 possitis,
588 1338 716 1377 Iovem
747 1342 812 1376 aut
842 1337 958 1376 alium
981 1350 1099 1388 quem
1119 1338 1235 1377 deum
1260 1336 1412 1376 consul·

48 1395 91 1429 16
114 1395 239 1431 torem
267 1393 500 1443 expectatis?
537 1392 674 1442 Magna
701 1393 764 1432 illa
794 1393 995 1432 consulum
1014 1395 1180 1444 imperia
1197 1398 1235 1432 et
1258 1398 1413 1443 patrum

113 1447 269 1487 decreta
308 1459 373 1486 vos
403 1449 629 1499 exequendo
668 1453 750 1487 rata
790 1449 957 1492 efficitis,
999 1447 1186 1493 Quirites,
1232 1447 1413 1499 ultroque

47 1508 87 1541 17
111 1501 303 1542 licentiam
329 1504 366 1542 in
394 1515 460 1541 vos
481 1508 637 1542 auctum
667 1510 779 1554 atque
808 1504 978 1543 adiutum
1010 1505 1239 1554 properatis.
1280 1503 1459 1554 Nequea

113 1569 185 1608 ego
213 1570 281 1597 vos
308 1558 432 1597 ultum
464 1560 620 1598 iniurias
640 1559 788 1603 hortor,
820 1561 941 1609 magis
964 1560 1019 1598 uti
1039 1560 1214 1610 requiem
1230 1559 1412 1610 cupiatis:

111 1625 239 1665 neque
270 1614 492 1658 discordias,
523 1620 565 1653 ut
589 1614 642 1652 illi
668 1616 932 1659 criminantur,
963 1620 1022 1654 set
1051 1626 1186 1654 earum
1212 1614 1327 1653 finem
1348 1625 1412 1652 vo-

111 1668 195 1708 lens
223 1670 308 1708 iure
337 1670 508 1719 gentium
531 1681 594 1708 res
618 1675 753 1720 repeto
776 1675 823 1714 et,
847 1672 878 1709 si
907 1671 1155 1721 pertinaciter
1179 1668 1411 1713 retinebunt.

111 1736 190 1764 non
224 1737 331 1764 arma
360 1736 487 1776 neque
516 1726 791 1769 secessionem,
824 1730 972 1764 tantum
1001 1725 1118 1764 modo
1162 1737 1211 1764 ne
1249 1723 1412 1775 amplius

46 1786 88 1820 18
112 1781 338 1830 sanguinem
368 1785 538 1820 vostrum
565 1780 782 1831 praebeatis
811 1781 990 1820 censebo.
1051 1782 1198 1821 Gerant
1228 1779 1412 1819 habeant·
1425 1795 1460 1823 30

112 1847 187 1887 que
223 1847 293 1875 suo
323 1836 438 1875 modo
459 1837 634 1887 imperia,
659 1842 847 1887 quaerant
872 1836 1107 1887 triumphos,
1140 1835 1411 1879 Mithridatem.

112 1891 329 1931 Sertorium
360 1897 397 1931 et
425 1891 606 1943 reliquias
637 1892 791 1931 exulum
821 1897 1104 1942 persequantur
1127 1903 1215 1931 cum
1242 1891 1414 1941 imagini-

113 1946 187 1985 bus
207 1948 310 1986 suis:
344 1947 442 1986 absit
464 1947 678 1998 periculum
697 1954 733 1986 et
749 1947 856 1986 labos
879 1947 1018 1998 quibus
1036 1947 1139 1986 nulla
1159 1958 1249 1998 pars
1267 1946 1414 1986 fructus

46 2006 90 2040 19
115 2008 183 2041 est.
214 2002 293 2041 Nisi
311 2002 409 2042 forte
431 2005 632 2053 repentina
658 2005 727 2042 ista
753 2003 1003 2042 frumentaria
1027 2002 1111 2052 lege
1136 2003 1264 2041 munia
1288 2007 1413 2040 vostra

112 2063 345 2109 pensantur:
392 2071 466 2109 qua
504 2064 631 2098 tamen
672 2060 796 2109 quinis
828 2059 964 2097 modiis
993 2058 1208 2098 libertatem
1237 2058 1454 2102 omnium„

112 2118 388 2157 aestumavere.
421 2116 484 2165 qui
514 2115 688 2165 profecto
718 2126 794 2152 non
832 2114 995 2164 amplius
1029 2119 1189 2165 possunt
1221 2112 1410 2152 alimentis

113 2171 292 2208 carceris.
326 2169 519 2220 Namque,
561 2176 603 2208 ut
633 2170 704 2208 illis
735 2171 938 2219 exiguitate.
966 2182 1071 2208 mors
1097 2168 1326 2220 prohibetur
1355 2179 1414 2207 se·

111 2230 278 2265 uescunt
306 2225 426 2268 vires.
458 2226 512 2264 sic
531 2237 655 2276 neque
676 2225 835 2264 absolvit
862 2237 954 2264 cura
983 2224 1159 2264 familiari
1190 2229 1265 2262 tam
1299 2234 1417 2274 parva

1500 0 1537 146 ‘i

1519 148 1537 469 l

1526 774 1537 1083 Q.*
