1537 2512
267 101 323 127 Di:
351 101 577 128 caraman.
604 101 923 128 coxthA'rIOmE
957 101 990 128 C.
1013 97 1067 130 5¹2.
1094 98 1147 131 53.
1302 91 1348 129 3Ῑ

58 198 148 238 licet
178 209 242 237 res
266 199 347 248 ipsa
373 210 508 250 aspera
539 204 612 243 est,
644 205 699 238 set
729 212 796 238 vos
827 211 904 237 non
924 201 1064 238 timetis
1092 211 1189 238 eam.
1235 200 1356 239 Immo

58 265 150 292 vero
178 265 377 293 maxume:
407 260 464 293 set
493 255 628 293 inertia
651 260 688 293 et
709 254 864 293 mollitia
890 255 1005 293 animi
1036 254 1130 293 alius
1155 254 1270 293 alium
1292 267 1356 294 ex-

58 313 256 358 pectantes
277 310 522 354 cunctamini,
539 309 715 348 videlicet
737 310 817 348 deis
839 308 1106 348 inmortalibus
1123 310 1268 354 confisi,
1292 312 1357 361 qui

57 363 159 403 hanc
177 375 261 402 rem
289 363 482 415 publicam
509 376 624 415 saepe
652 365 690 403 in
713 365 904 403 maxumis
926 364 1108 415 peric-ulis
1138 377 1352 404 servavere.

28 435 43 459 5
57 418 141 458 Non
170 420 266 458 votis
288 431 414 470 neque
445 419 642 470 subpliciis
665 419 918 458 muliebribus
943 419 1080 458 auxilia
1103 420 1265 459 deorum
1289 432 1354 470 pa·
1369 421 1412 454 29

56 478 213 512 rantur:
237 474 441 524 vigilando,
461 475 626 524 agundo,
649 474 748 514 bene
766 474 1005 514 consulundo
1024 487 1211 525 prospere
1229 477 1355 514 omnia

58 528 217 568 cedunt:
246 529 313 568 ubi
338 530 537 569 socordiae
565 536 602 569 te
633 535 748 581 atque
773 531 946 580 ignaviae
967 530 1188 575 tradideris,
1221 532 1356 581 nequi-

57 595 173 634 quam
203 584 295 623 deos
319 585 507 635 inplores:
540 586 625 624 irati
654 585 857 636 infestique
889 591 989 624 sunt.
1050 586 1160 637 Apud
1190 587 1355 624 maiores
1369 585 1413 618 30

56 644 209 678 nostros
225 639 267 678 Τ.
281 639 443 679 Manlius
460 641 678 692 Torquatus
694 640 795 679 bello
814 640 956 681 Gallico
974 640 1094 680 filium
1109 652 1234 685 suum,
1254 641 1356 692 quod

11 706 43 732 ιο
57 694 88 732 is
109 699 242 733 contra
255 696 465 746 imperium
483 697 520 734 in
541 696 691 735 hostem
712 701 968 746 pugnaverat,
1000 697 1131 735 necari
1156 697 1275 740 iussit,
1301 701 1355 734 at-

59 761 132 800 que
153 749 215 789 ille
239 752 417 800 egregius
440 751 666 791 adulescens
691 752 953 790 inmoderatae
976 751 1208 790 fortitudinis
1230 756 1356 790 morte

57 815 202 855 poenas
224 805 348 844 dedit:
378 818 445 845 vos
467 807 513 845 de
536 806 824 845 crudelissumis
853 807 1032 856 paricidis
1063 807 1154 857 quid
1183 807 1355 845 statuatis
1367 806 1407 840 31

58 861 313 900 cunctamini?
348 860 533 901 Videlicet
554 867 680 901 cetera
698 863 772 901 vita
789 874 925 901 eorum
946 862 1036 900 huic
1057 861 1194 900 sceleri
1217 861 1353 900 obstat.

56 913 199 954 Verum
228 917 375 967 parcite
404 917 578 967 dignitati
607 916 777 961 Lentuli,
810 918 841 955 si
872 918 952 968 ipse
978 917 1202 967 pudicitiae,
1239 918 1269 955 si
1300 917 1410 956 ἕξει-32

10 985 41 1010 15
57 981 142 1009 mae
170 982 281 1016 suae,
312 973 342 1010 si
377 972 461 1013 deis
499 978 563 1011 aut
604 972 824 1011 hominibus
848 984 1032 1023 umquam
1058 971 1141 1011 ullis
1162 974 1354 1022 pepercit:

55 1026 242 1074 ignoscite
263 1026 420 1077 Cethegi
447 1027 740 1072 adulescentiae,
768 1029 839 1066 nisi
869 1029 1007 1066 iterum
1037 1028 1182 1078 patrIae
1211 1027 1354 1066 bellum
1369 1030 1412 1064 33

56 1079 156 1119 fecit.
215 1081 312 1121 Nam
335 1083 425 1134 quid
451 1094 522 1133 ego
554 1083 599 1121 de
623 1083 784 1123 Gabinio
814 1083 958 1122 Statilio
985 1082 1169 1132 Caepario
1195 1081 1410 1133 loquar?3⁴

56 1136 196 1186 quibus
218 1138 249 1176 si
273 1139 477 1189 quicquam
501 1150 683 1189 umquam
709 1140 817 1188 pensi
845 1139 999 1182 suisset,
1032 1149 1109 1176 non
1131 1150 1174 1176 ea
1199 1137 1354 1176 consilia

57 1191 102 1230 de
127 1203 170 1231 re
201 1192 354 1243 publica
380 1193 617 1233 habuissent.
650 1194 870 1237 Postremo,
904 1198 1032 1243 patres
1070 1193 1293 1243 conscripti,
1323 1193 1353 1231 si
1369 1199 1411 1233 35

9 1261 43 1286 20
55 1246 297 1287 mehercules
326 1254 486 1299 peccato
514 1248 623 1288 locus
652 1255 762 1293 esset,
788 1249 897 1288 facile
928 1254 1082 1299 paterer
1109 1260 1177 1286 vos
1203 1249 1285 1298 ipsa
1311 1259 1355 1287 re

56 1304 222 1353 conrigi,
247 1306 428 1354 quoniam
452 1303 567 1343 verba
589 1305 851 1343 contemnitis:
873 1309 931 1343 set
951 1304 1121 1354 undique
1144 1304 1354 1342 circumve-

54 1358 109 1396 nti
130 1370 274 1397 sumus.
315 1359 473 1399 Catilina
496 1372 584 1399 cum
608 1361 777 1399 exercitu
804 1359 979 1398 saucibus
1000 1363 1151 1410 urguet,
1176 1358 1235 1396 alii
1256 1359 1354 1396 intra

55 1415 204 1452 moenia
227 1420 341 1465 atque
364 1417 401 1454 in
425 1417 509 1454 sinu
532 1414 677 1467 [urbis]
708 1420 796 1453 sunt
814 1414 956 1458 hostes,
988 1426 1114 1464 neque
1135 1414 1264 1463 parari
1289 1425 1354 1452 ne-

56 1480 129 1519 que
151 1470 299 1510 consuli
321 1472 524 1522 quicquam
549 1478 676 1523 potest
706 1473 876 1509 occulte:
896 1481 970 1520 quo
991 1470 1112 1518 magis
1142 1479 1355 1519 properan-

9 1539 41 1564 ²5
56 1525 147 1563 dum
169 1530 237 1564 est.

133 1580 217 1627 Qua
232 1592 277 1620 re
292 1592 363 1631 ego
379 1581 433 1620 ita
448 1592 607 1620 censeo:
628 1594 714 1622 cum
731 1582 881 1621 nefario
897 1580 1060 1620 consilio
1078 1578 1355 1617 sceleratorum
1371 1579 1412 1613 36

57 1635 194 1674 civium
224 1635 468 1688 res-publica
494 1637 531 1674 in
556 1648 733 1674 maxuma
765 1635 934 1686 pericula
966 1635 1125 1677 venerit,
1160 1634 1271 1685 eique
1299 1634 1356 1672 in-

56 1690 154 1729 dicio
170 1690 214 1729 T.
241 1690 412 1730 Volturci
430 1697 466 1730 et
496 1691 712 1741 legatorum
736 1690 988 1740 Allobrogum
1020 1690 1181 1729 convicti
1206 1688 1356 1728 confes-

56 1746 164 1796 sique
185 1747 270 1791 sint,
301 1746 457 1786 caedem
480 1746 655 1785 incendia
678 1746 826 1796 aliaque
848 1758 888 1784 se
918 1745 1029 1784 foeda
1052 1749 1164 1795 atque
1187 1743 1356 1783 crudelia

10 1813 43 1842 30
58 1800 227 1840 facinora
249 1803 287 1840 in
316 1802 406 1841 civis
431 1803 672 1853 patriamque
693 1802 907 1852 paravisse,
937 1801 983 1839 de
1013 1799 1218 1842 confessis,
1246 1799 1357 1837 sicuti

56 1856 103 1895 de
123 1857 347 1896 manufestis
367 1869 499 1896 rerum
524 1856 761 1907 capitalium,
789 1868 897 1894 more
918 1857 1107 1894 maiorum
1126 1853 1356 1904 subplicium

56 1911 317 1951 sumundum.'

167 1967 375 2018 Postquam
399 1967 489 2007 Cato
510 1967 676 2011 adsedit,
711 1966 932 2006 consulares
955 1976 1088 2004 omnes
1108 1965 1276 2014 itemque
1297 1975 1355 2002 se·
1373 1959 1420 1998 53

56 2028 169 2062 natus
189 2033 328 2072 magna
359 2034 448 2074 pars
472 2023 699 2062 sententiam
723 2023 804 2061 eius
829 2021 1005 2064 laudant,
1032 2021 1212 2058 virtutem
1242 2020 1358 2057 animi

11 2078 105 2118 asad
127 2077 276 2117 caelum
292 2077 443 2117 serunt:
466 2077 526 2116 alii
543 2077 636 2116 alios
652 2079 896 2127 increpantes
912 2076 1063 2115 timidos
1084 2079 1241 2117 vocant,
1265 2073 1357 2112 Cato

60 2133 187 2172 clarus
215 2138 329 2185 atque
346 2143 509 2183 magnus
535 2132 718 2171 habetur:
748 2133 867 2170 senati
890 2132 1086 2171 decretum
1105 2131 1145 2169 fit
1172 2131 1267 2168 sicut
1295 2128 1358 2166 ille

61 2194 276 2229 censuerat.

171 2244 238 2283 Set
266 2244 358 2283 mihi
380 2243 496 2282 multa
520 2244 680 2294 legenti,
703 2243 819 2282 multa
848 2243 1034 2285 audienti.
1067 2253 1163 2293 quae
1190 2240 1388 2290 populuse
