1537 2512
135 60 188 99 56
409 72 465 98 nn
491 71 627 98 BELLO
658 70 923 98 IVGVRTHINO
957 71 993 98 c.
1022 67 1079 102 30.
1109 66 1164 100 31.

101 181 122 215 3
136 183 156 210 a
179 181 270 209 vero
291 169 473 220 bonoque
493 169 724 220 inpediebat.
751 170 799 208 At
819 169 863 208 G.
887 169 1101 213 Memmius,
1122 170 1230 208 cuius
1250 169 1298 208 de
1317 168 1435 209 liber·

135 231 212 265 tate
232 225 362 274 ingeni
387 229 425 264 et
446 224 532 263 odio
553 225 746 274 potentiae
766 224 974 264 nobilitatis
998 235 1115 274 supra
1137 224 1314 267 diximus,
1335 225 1435 263 inter
1524 221 1537 263 Ἰ

136 280 414 319 dubitationem
449 284 486 318 et
506 291 634 318 moras
649 285 805 319 senatus
821 279 1064 319 contionibus
1085 279 1270 332 populum
1288 279 1336 319 ad
1354 281 1434 318 vin·
1532 271 1537 293 ¹

136 335 340 375 dicandum
359 336 527 379 hortari,
559 347 720 374 monere
737 347 787 375 ne
806 348 888 374 rem
908 335 1119 386 publicam,
1146 347 1196 374 ne
1216 335 1435 374 libertatem

136 403 246 430 suam
276 391 519 434 desererent,
553 389 674 429 multa
693 390 861 441 superba
882 396 920 430 et
939 390 1110 430 crudelia
1130 390 1301 430 facinora
1320 390 1431 429 nobi·
1445 404 1462 430 5

135 446 250 485 litatis
278 446 502 485 ostendere:
533 458 694 496 prorsus
726 447 895 485 intentus
926 447 1030 485 omni
1057 446 1173 484 modo
1201 445 1327 496 plebis
1355 446 1435 485 ani-

136 514 243 540 mum
270 501 514 540 incendebat.

101 571 123 601 4
249 558 315 596 Set
348 557 528 607 quoniam
567 569 610 595 ea
645 562 872 607 tempestate
906 556 1052 596 Romae
1075 556 1232 595 Memmi
1259 555 1436 595 facundia

54 652 76 674 ‘y
137 611 241 651 clara
261 611 488 662 pollensque
508 611 590 655 fuit,
614 612 752 651 decere
774 613 1009 656 existumavi,
1032 623 1149 650 unam
1175 624 1221 650 ex
1239 616 1320 650 tam
1338 610 1436 650 mul·

74 665 77 668 ’
135 669 184 706 tis
210 668 425 706 orationem
455 668 536 706 eius
565 667 832 717 perscribere,
865 679 909 706 ac
938 668 1194 717 potissumum
1224 679 1269 705 ea
1297 666 1434 711 dicam,
1450 682 1481 708 ιο

138 735 235 774 quae
261 724 301 761 in
332 723 510 761 contione
540 727 627 773 post
645 723 811 762 reditum
841 723 991 762 Bestiae
1019 722 1285 761 huiuscemodi
1311 721 1438 761 verbis

1532 385 1537 412 4

138 779 337 817 disseruit:

69 837 119 877 31
251 832 380 871 ‘Multa
409 844 472 872 me
501 831 759 872 dehortantur
787 845 806 871 a
837 833 962 877 vobis,
991 832 1177 878 Quirites,
1203 833 1242 871 ni
1269 832 1439 871 studium

137 890 193 928 rei
214 888 391 939 publicae
413 889 540 926 omnia
563 893 738 938 superet:
762 900 854 939 opes
875 889 1064 932 factionis,
1094 893 1223 926 vostra
1242 889 1437 938 patientia,

137 945 196 982 ius
210 942 372 987 nullum,
391 955 435 982 ac
447 956 628 983 maxume
645 945 748 994 quod
763 945 1004 982 innocentiae
1030 942 1118 993 plus
1138 943 1301 993 periculi
1323 955 1438 994 quam
1452 958 1484 984 ιε

103 1012 122 1042 2
137 1000 296 1038 honoris
322 1003 390 1038 est.
418 998 515 1037 Nam
536 999 598 1037 illa
621 999 776 1049 quidem
798 1000 902 1049 piget
925 1000 1076 1043 dicere,
1108 999 1167 1037 his
1196 999 1306 1037 annis
1328 999 1438 1049 quin-

138 1055 262 1094 decim
297 1066 413 1105 quam
443 1054 611 1093 ludibrio
641 1054 790 1093 fueritis
820 1054 1026 1104 superbiae
1052 1066 1286 1104 paucorum,
1323 1065 1439 1105 quam

137 1110 248 1150 foede
280 1121 473 1161 quamque
501 1109 610 1149 inulti
641 1111 829 1160 perierint
851 1111 966 1148 vostri
993 1109 1230 1154 defensores,
1260 1114 1304 1149 ut
1331 1109 1440 1148 vobis

104 1173 124 1206 3
139 1167 295 1205 animus
305 1165 352 1204 ab
369 1166 516 1215 ignavia
530 1170 643 1215 atque
664 1166 841 1204 socordia
862 1170 1074 1214 conruptus
1095 1166 1160 1210 sit,
1183 1166 1248 1216 qui
1267 1177 1316 1204 ne
1336 1176 1442 1204 nunc

136 1221 292 1272 quidem
310 1220 486 1259 obnoxiis
507 1221 670 1259 inimicis
692 1222 887 1270 exurgitis,
911 1226 1024 1271 atque
1046 1222 1160 1260 etiam
1176 1232 1280 1260 nunc
1299 1221 1441 1259 timetis
1453 1235 1485 1261 ’.νο

102 1288 216 1321 4eos‚
250 1275 390 1327 quibus
420 1275 532 1315 decet
559 1277 702 1314 terrori
731 1288 826 1315 esse.
871 1276 937 1315 Set
967 1287 1201 1327 quamquam
1225 1276 1322 1315 haec
1351 1276 1440 1315 talia

136 1335 236 1375 sunt,
267 1336 398 1370 tamen
419 1331 571 1369 obviam
600 1333 657 1370 ire
682 1331 862 1370 factionis
883 1333 1080 1381 potentiae
1102 1333 1251 1370 animus
1281 1331 1437 1381 subigit.

100 1392 121 1423 5
137 1386 249 1426 Certe
281 1397 352 1436 ego
373 1386 610 1431 libertatem,
643 1399 740 1437 quae
768 1387 861 1425 mihi
882 1399 902 1425 a
923 1392 1082 1437 parente
1102 1399 1188 1426 meo
1209 1387 1348 1426 tradita
1370 1392 1438 1431 est,

137 1442 333 1492 experiar:
366 1454 501 1480 verum
532 1442 569 1480 id
601 1442 743 1481 frustra
776 1455 824 1481 an
856 1442 904 1481 ob
936 1454 1019 1481 rem
1050 1442 1211 1486 faciam,
1244 1443 1283 1480 in
1311 1446 1440 1481 vostra

137 1509 254 1536 manu
274 1498 388 1536 situm
417 1502 485 1541 est,
516 1497 695 1543 Quirites.
1451 1512 1485 1538 25

98 1557 120 1590 6
247 1552 380 1603 Neque
398 1563 470 1602 ego
487 1565 552 1590 vos
568 1553 716 1597 hortor,
731 1553 833 1603 quod
849 1565 963 1602 saepe
980 1554 1147 1592 maiores
1164 1554 1282 1592 vostri
1298 1554 1439 1598 fecere,

135 1609 190 1646 uti
215 1612 349 1646 contra
379 1609 537 1646 iniurias
568 1610 704 1646 armati
727 1611 832 1647 eatis.
892 1609 993 1647 Nihil
1013 1609 1066 1651 vi,
1099 1608 1192 1647 nihil
1221 1610 1439 1648 secessione

137 1675 234 1713 opus
264 1668 340 1702 est:
379 1675 538 1702 necesse
569 1669 626 1702 est
655 1670 807 1702 suomet
836 1665 906 1714 ipsi
938 1676 1047 1702 more
1077 1665 1308 1714 praecipites
1338 1670 1438 1703 eant.

100 1724 119 1754 7
137 1717 273 1757 Occiso
305 1718 460 1757 Tiberio
483 1718 672 1763 Graccho,
703 1731 817 1770 quem
847 1731 1013 1769 regnum
1043 1731 1182 1770 parare
1206 1719 1370 1764 aiebant,
1402 1720 1439 1758 iu

136 1772 290 1824 plebem
311 1773 524 1812 Romanam
547 1776 790 1826 quaestiones
807 1774 957 1813 habitae
975 1780 1084 1813 sunt:
1107 1780 1194 1824 post
1209 1775 1253 1813 G.
1273 1774 1485 1814 Gracchiao

137 1835 174 1868 et
202 1829 250 1867 M.
278 1828 386 1868 Fulvi
422 1830 579 1868 caedem
615 1831 706 1869 item
731 1831 849 1868 vostri
875 1831 1020 1868 ordinis
1050 1829 1159 1869 multi
1189 1829 1372 1870 mortales
1401 1831 1441 1869 in

138 1897 294 1924 carcere
315 1886 439 1923 necati
461 1890 568 1923 sunt:
591 1886 792 1937 utriusque
814 1885 930 1924 cladis
953 1897 1030 1923 non
1051 1885 1124 1929 lex,
1152 1898 1287 1925 verum
1308 1885 1440 1925 lubido

99 1946 121 1979 8
137 1952 273 1979 eorum
305 1940 421 1979 finem
453 1941 552 1979 fecit.
597 1941 664 1980 Set
683 1953 774 1980 sane
799 1941 914 1980 suerit
936 1942 1046 1990 regni
1069 1942 1216 1990 paratio
1240 1940 1342 1991 plebi
1371 1953 1439 1980 sua

135 1997 358 2034 restituere:
392 1996 576 2046 quidquid
603 1997 684 2035 sine
706 1997 891 2047 sanguine
921 1997 1059 2035 civium
1091 1995 1223 2035 ulcisci
1243 1997 1437 2047 nequitur,

101 2051 219 2091 oiure
250 2051 390 2089 sactum
422 2052 480 2089 sit.
543 2051 817 2101 Superioribus
853 2053 960 2090 annis
997 2053 1099 2091 taciti
1135 2051 1483 2102 indignabamiuias

136 2107 329 2144 aerarium
352 2106 522 2156 expilari,
551 2118 663 2157 reges
683 2112 720 2146 et
744 2107 907 2158 populos
931 2107 1073 2146 liberos
1095 2109 1225 2157 paucis
1246 2106 1440 2146 nobilibus

138 2160 297 2211 vectigal
320 2162 501 2211 pendere,
528 2174 646 2212 penes
668 2163 822 2201 eosdem
846 2168 883 2201 et
904 2175 1094 2201 summam
1117 2162 1278 2212 gloriam
1301 2168 1337 2202 et
1360 2175 1440 2202 ma·

139 2228 272 2256 xumas
292 2216 439 2255 divitias
460 2230 562 2256 csse:
584 2223 712 2256 tamon
732 2219 827 2257 haec
841 2218 929 2257 talia
952 2219 1118 2257 facinora
1145 2219 1289 2268 inpune
1309 2230 1440 2258 susce-
