1512 2512
622 77 867 104 PRAEFATIO.
1375 81 1404 107 v

93 152 222 185 Victor.
247 150 343 185 Caes.
368 153 422 192 24,
441 154 462 186 9
491 154 598 185 ceteri
619 162 741 193 omnes,
770 154 850 187 boni
871 155 1012 196 vitalique
1036 153 1163 186 nobiles
1187 159 1286 196 atque
1310 157 1403 197 iyno-

93 196 177 230 biles
201 197 353 228 coniecit.
379 213 421 221 -—
446 197 502 239 20,
522 197 574 229 16.
599 196 739 273 utiminiff]
767 197 917 232 utemini.
965 196 1174 238 Quamquam
1200 199 1300 239 paulo
1325 206 1402 233 aute

93 241 273 275 hortantur
296 251 338 273 ex
362 240 439 283 sz
464 241 698 283 recipiundum
739 243 797 274 uit.
822 259 866 265 —
895 243 949 280 22,
966 243 998 274 2.
1029 242 1111 274 Post
1134 242 1222 274 Frid.
1248 242 1402 276 Ritsclilii

92 285 299 328 praeclaram
332 285 597 327 disputationem
629 285 729 326 (Mus.
755 286 861 322 Rhen.
888 285 971 318 XXI
995 287 1015 319 2
1046 296 1080 328 p.
1103 288 1168 319 317
1185 286 1254 327 sq.)
1289 297 1400 327 nemo,

93 331 227 372 opinor,
253 330 333 370 quin
357 330 441 361 adeo
465 331 735 370 antiquissumus
759 330 842 363 liber
865 331 992 373 glossis
1010 331 1206 371 inquinatus
1224 332 1279 371 sit,
1303 332 1402 364 dubi·

90 375 186 409 tabit.
211 391 253 398 -
283 374 337 413 23,
355 375 389 406 4.
414 384 542 417 quoque
566 373 678 416 modo]
713 373 810 412 Quod
834 375 988 408 Momms.
1019 375 1107 410 coni.
1133 386 1264 418 quoquo
1289 377 1398 414 modo,

89 419 234 462 probare
259 427 326 450 non
350 419 455 461 potui,
482 427 556 450 cnm
581 418 664 451 mihi
681 429 749 451 non
766 425 946 458 constaret,
970 419 1120 451 Fulviam
1137 420 1178 451 ab
1195 420 1270 452 aliis
1287 427 1402 453 aucto-

90 463 196 502 ribus,
223 472 324 504 quam
349 472 408 505 per
433 461 570 495 Curium
595 463 770 506 quidpiam
794 474 832 496 co
861 464 1007 498 novisse.
1035 481 1076 486 —
1107 465 1161 504 25,
1178 465 1209 497 3.
1235 462 1399 508 lubidine]

89 507 115 539 1.
142 517 184 540 ex
207 507 232 540 P
257 507 378 540 lubido.
411 524 453 531 —-
485 508 539 546 26,
557 509 587 541 5.
616 505 834 553 [consulibus]
892 509 916 540 Ι.
941 508 1015 540 sine
1045 509 1153 540 uncis.
1200 508 1274 551 Ego
1307 509 1402 542 libris

88 553 202 584 miuus
226 551 371 590 confido,
396 561 498 592 quam
523 558 559 584 ut
583 550 779 585 Sallustium
804 554 850 584 ita
874 562 1058 585 vaesanum
1082 552 1237 591 iudicem,
1274 559 1310 585 ut
1334 562 1401 586 uno

89 602 206 629 tenore
230 595 407 628 Catilinam
430 597 548 628 ambos
573 596 729 629 consules
754 597 938 629 interficere
962 597 1111 629 voluisse
1135 604 1295 636 narraret,
1325 607 1402 630 cum

91 641 194 673 modo
219 641 254 672 in
278 641 427 674 Antonio
451 650 527 672 eum
552 650 648 684 spem
665 641 825 674 habuisse
841 641 999 674 dixisset.
1018 657 1059 665 —
1075 640 1204 674 Locum
1219 651 1246 673 c.
1256 643 1400 677 26-31.

89 686 139 718 uti
162 687 198 716 in
220 685 314 718 libris
338 685 480 718 traditus
506 691 566 723 est,
593 686 752 717 intactum
777 686 907 726 reliqui,
939 695 1005 718 non
1029 695 1096 726 quo
1122 687 1332 723 sententiam,
1359 687 1403 719 ad

89 739 192 771 quam
216 736 295 772 post
323 729 445 761 multas
468 730 694 762 dubitationes
727 731 861 763 tandem
892 730 1058 763 adductus
1089 739 1180 762 eram
1206 729 1335 769 (Exc.1
1359 731 1402 763 ad

89 774 142 806 ed.
152 774 238 806 1864
261 773 510 816 p.204—206),
536 783 589 805 me
612 774 778 807 facillume
802 775 1003 807 Mommseni
1025 775 1256 816 disputatione
1273 774 1398 814 (Herm.

88 818 105 852 1
120 820 141 851 3
164 829 198 861 p.
214 819 279 852 431
293 819 383 859 sqq.)
414 818 613 861 perductum
636 829 754 851 rursus
779 820 942 851 abiecisse
966 818 1154 858 confiterer,
1178 825 1229 851 set
1251 819 1343 859 quod
1365 820 1398 851 in

88 863 148 895 tali
178 863 325 895 editione
356 872 442 902 quae
471 862 622 895 nondum
652 873 819 896 consensu
849 864 1020 896 communi
1053 863 1240 905 adprobata
1274 870 1400 901 essent,

89 907 246 950 amplecti
269 907 425 949 religioni
448 906 542 939 duxi.
583 906 780 940 Sallustium
804 918 864 951 per
889 907 1083 940 Ciceronem
1113 909 1147 939 in
1178 917 1325 940 errorem
1349 908 1402 940 in-

91 952 229 984 ductum
253 961 329 984 esse
351 951 580 989 concederem,
606 952 637 983 si
660 962 713 984 res
739 954 834 994 ipsae
858 953 978 994 planae
1003 958 1035 984 et
1057 957 1193 994 apertae
1210 951 1291 984 mihi
1308 952 1402 984 vide-

89 1003 205 1028 rentur
235 1006 343 1036 neque
367 996 425 1027 alii
455 997 637 1038 scriptores
664 1006 702 1029 eo
727 997 842 1037 modo,
875 1007 974 1037 quem
999 997 1222 1039 transpositio
1246 997 1401 1035 restituit,

90 1051 143 1073 res
168 1047 320 1072 narratas
345 1050 422 1073 esse
446 1047 656 1072 testarentur.
704 1040 863 1083 Ignoscat
886 1042 991 1083 igitur
1013 1042 1064 1073 vir
1088 1040 1402 1083 praeclarissumus,

90 1085 184 1126 quod
207 1085 403 1117 temeritatis
427 1085 551 1116 crimen
577 1086 753 1127 iniungere
776 1085 859 1117 mihi
883 1095 983 1125 quam
1008 1086 1042 1117 in
1067 1086 1139 1117 eius
1167 1085 1270 1117 verba
1292 1086 1402 1117 iurare

89 1129 277 1162 maluerim.
293 1147 334 1152 -—
351 1130 406 1169 27,
420 1131 451 1162 2.
477 1130 598 1162 intenti
609 1127 805 1172 paratique]
831 1131 952 1162 intenti
963 1131 1093 1171 parati.
1111 1146 1156 1152 —
1171 1130 1226 1164 27.
1242 1131 1272 1162 3.
1298 1140 1402 1170 penes

90 1184 135 1206 ex
150 1174 307 1206 Palmerii
330 1171 538 1216 coniectura]
565 1184 629 1215 per
645 1175 669 1206 Ι.
696 1192 735 1197 —-
762 1175 817 1213 28,
833 1176 863 1206 1.
889 1173 975 1205 Dum
1001 1174 1267 1205 demonstratum
1292 1173 1403 1212 fucrit,

91 1219 245 1252 homines
270 1219 317 1250 ita
340 1217 454 1250 furore
477 1218 632 1260 abreptos
646 1218 762 1256 fuisse,
789 1225 826 1250 ut
841 1228 892 1259 se,
915 1219 1037 1250 sicum
1061 1218 1198 1250 armatis
1222 1217 1403 1250 salutatum

94 1263 276 1302 venissent,
302 1272 369 1294 non
394 1262 569 1294 exclusum
594 1264 634 1294 iri
659 1269 845 1304 sperarent,
870 1262 1023 1294 lacunam
1047 1264 1082 1294 in
1106 1261 1199 1294 libris
1224 1272 1299 1294 esse
1322 1271 1399 1295 con-

93 1307 242 1341 tendam.
268 1324 310 1330 —
335 1304 464 1350 domui]
492 1308 581 1339 domi
603 1307 629 1339 1.
665 1307 784 1338 Rarior
815 1307 924 1339 forma
949 1317 1008 1349 per
1032 1307 1057 1339 P
1082 1308 1188 1340 domi*
1212 1305 1404 1338 confirmari

93 1353 204 1395 magis
224 1362 325 1392 quam
341 1352 422 1383 reici
438 1353 522 1383 visa.
547 1367 592 1374 —
615 1353 670 1392 29,
690 1354 719 1383 1.
745 1353 951 1393 eoeayitatum
966 1362 994 1383 c.
1005 1348 1134 1394 Cortio]
1155 1353 1362 1392 exagitatam
1378 1350 1402 1383 1.

93 1413 135 1420 -
161 1399 216 1436 30,
237 1397 269 1430 7.
299 1396 474 1433 Maiores.
512 1396 604 1435 quod
637 1405 698 1438 pro
728 1397 872 1428 minores
901 1395 1037 1427 exhibet
1065 1395 1109 1433 P,
1148 1396 1230 1427 haut
1263 1395 1405 1438 dignum

93 1441 187 1482 quod
212 1450 352 1484 prorsus
378 1440 587 1482 neglegatur,
613 1440 695 1472 mihi
719 1440 861 1473 videtur.
878 1457 923 1463 -
947 1442 1001 1477 31,
1021 1442 1052 1474 5.
1077 1442 1128 1483 nel
1142 1437 1210 1483 sui]
1237 1444 1296 1472 aut
1310 1441 1363 1472 sui
1379 1440 1403 1472 1.

93 1486 119 1519 Ρ
143 1490 179 1518 ut
203 1485 247 1517 ad
269 1487 320 1518 vel
343 1485 456 1527 potius
480 1485 601 1516 ducere
625 1485 708 1516 mihi
724 1484 867 1516 videtur.
885 1500 928 1507 —
952 1484 998 1516 ib.
1022 1484 1127 1516 sicubi
1150 1493 1225 1515 cum
1241 1482 1402 1526 Linkero]

93 1532 125 1564 si
147 1531 174 1564 1.
208 1529 263 1561 Ad
286 1529 369 1561 illud
393 1539 446 1560 me
471 1529 634 1567 convorti‚
661 1529 820 1568 quoniam
843 1530 877 1560 in
895 1528 1077 1570 archetypo
1102 1530 1134 1560 si
1154 1533 1191 1560 ut
1212 1527 1318 1560 fuisse
1334 1528 1405 1559 Ior—

92 1575 182 1608 dano
213 1575 326 1606 visum
357 1579 419 1607 est.
449 1591 492 1597 —
522 1571 576 1613 31,
595 1575 628 1608 7.
661 1574 695 1605 in
717 1575 873 1614 populum
895 1572 1076 1605 Romanum
1105 1582 1180 1604 cum
1205 1570 1333 1615 Cortio]
1371 1573 1405 1603 in

94 1619 224 1662 plebem
246 1618 426 1651 Romanam
449 1618 474 1651 1.
524 1617 560 1648 In
585 1624 677 1649 tanta
709 1617 926 1649 similitudine
957 1617 1223 1660 conpendiorum
1253 1626 1313 1648 cur
1342 1616 1405 1647 hoc

93 1664 170 1696 loco
193 1665 229 1696 in
248 1662 379 1705 plebem
400 1662 583 1695 Romanam
606 1662 797 1693 necessario
826 1661 1039 1694 scribendum
1062 1661 1194 1700 fuisset,
1221 1660 1405 1693 ostendun-

94 1709 177 1741 dum
199 1707 274 1739 fuit.
300 1724 342 1730 —
367 1705 614 1749 Suspicionem,
639 1716 725 1747 quae
749 1706 791 1738 de
806 1707 887 1739 civis
910 1705 970 1738 diu
992 1715 1046 1737 me
1070 1707 1186 1744 tenuit,
1213 1715 1301 1737 nunc
1324 1706 1404 1736 mis-

96 1762 170 1786 sam
192 1751 268 1784 feci.
294 1769 336 1774 —
360 1752 415 1791 32,
434 1753 464 1783 1.
490 1752 633 1783 insidiae
657 1749 813 1792 [consuli]
837 1749 1082 1792 procedebant]
1114 1750 1256 1782 insidiae
1280 1750 1408 1782 consuli

95 1796 327 1840 procedebant
349 1796 373 1827 1.
414 1795 465 1827 Ab
483 1793 518 1827 S.
543 1802 659 1827 contra
683 1795 856 1826 latinitatis
881 1795 986 1836 leges,
1012 1794 1076 1826 illis
1102 1794 1299 1836 praesertim
1323 1800 1407 1825 tem-

95 1841 247 1884 poribus,
273 1841 322 1872 sic
338 1840 440 1872 scribi
456 1840 610 1881 potuisse
633 1849 730 1881 nego.
756 1856 802 1863 —
824 1840 878 1877 32,
895 1840 928 1871 2.
949 1837 1097 1881 possint]
1123 1842 1262 1880 possent
1277 1838 1302 1869 1.
1327 1837 1406 1869 Vid.

98 1887 152 1924 11,
171 1887 202 1918 7.
228 1902 270 1908 —
300 1886 355 1923 33,
374 1886 406 1916 1.
429 1885 563 1925 patriae
587 1882 675 1927 c.1.]
709 1891 807 1915 antea
836 1885 966 1925 patria.
997 1900 1040 1906 —
1076 1884 1131 1921 34,
1151 1884 1180 1915 1.
1204 1878 1404 1924 respondet]

97 1930 277 1971 respondit
302 1930 326 1961 1.
350 1944 395 1951 —
418 1929 473 1967 35,
492 1930 523 1960 3.
549 1939 615 1961 non
632 1930 710 1970 quia
727 1945 767 1951 —
784 1930 914 1960 solvere
939 1938 1005 1960 non
1027 1937 1168 1969 possem,
1193 1937 1264 1959 cum
1279 1927 1407 1959 scilicet

101 1971 238 2016 alienis]
263 1984 330 2006 non
355 1974 433 2015 quin
452 1989 488 1994 -
507 1975 636 2005 solvere
658 1983 802 2014 possem,
827 1977 862 2003 ut
885 1973 1003 2004 alienis
1020 1971 1201 2004 nominibus
1219 1971 1244 2003 Ι.
1260 1971 1302 2003 de
1318 1971 1407 2002 coni.

101 2036 144 2042 —
168 2019 223 2056 36,
243 2020 273 2050 1.
297 2013 492 2060 Flammam]
525 2017 549 2049 Ι.
575 2017 680 2048 eiecit.
728 2017 809 2048 Mihi
839 2023 875 2047 ut
905 2016 946 2047 ab
977 2016 1196 2058 grammatico
1228 2015 1406 2054 adiectum,

99 2070 212 2095 tamen
242 2061 458 2094 memorabile
487 2062 610 2094 visum.
641 2078 684 2085 —
715 2062 770 2102 36,
790 2063 821 2093 5.
851 2060 958 2093 morbi
987 2065 1079 2097 erat,
1114 2070 1199 2103 quae
1223 2061 1273 2092 uti
1295 2056 1406 2102 tabes]

99 2107 207 2141 morbi
228 2118 270 2139 ae
291 2107 394 2139 veluti
415 2105 509 2138 tabes
531 2105 556 2138 1.
581 2116 610 2137 c.
627 2105 749 2147 Haupt.
767 2104 887 2137 Philol.
907 2105 950 2136 111
967 2115 1002 2147 p.
1018 2106 1095 2137 547.
1136 2104 1220 2136 Illud
1244 2103 1326 2135 mihi
1351 2114 1408 2135 ne-

102 2163 168 2193 que
191 2151 428 2184 inconcinnum
453 2160 529 2182 esse
553 2157 584 2182 et
607 2150 748 2192 propius
773 2149 817 2181 ad
840 2149 999 2181 librorum
1017 2150 1220 2191 scripturam
1237 2147 1344 2181 morbi
1358 2152 1409 2179 at—

102 2207 167 2239 que
190 2198 239 2228 uti
263 2195 355 2228 tabes
378 2194 540 2226 adcedere
563 2194 684 2226 visum.
709 2211 753 2217 —
776 2195 879 2233 37,6.
905 2192 1071 2231 Quoniam
1096 2193 1170 2225 libri
1187 2194 1246 2225 alii·
1268 2195 1325 2235 qui
1343 2202 1409 2234 per

104 2241 274 2274 dedecora
303 2239 477 2278 exhibent,
514 2238 641 2279 aliquid
670 2239 704 2269 in
735 2238 808 2270 loco
838 2238 1007 2270 turbatum
1043 2248 1117 2270 csse
1151 2237 1318 2276 concedo,
1354 2236 1412 2278 qui
