1537 2512
205 87 261 113 m:
294 86 519 113 cummim
552 84 870 114 comvssanoim
897 89 934 116 c.
963 80 1020 115 33.
1050 80 1107 115 34.
1139 80 1195 115 35.
1296 75 1341 112 17

57 195 181 234 neque
203 184 384 235 cuiquam
408 187 587 222 nostrum
613 182 719 221 licuit
745 195 854 223 more
875 185 1065 223 maiorum
1094 182 1178 233 lege
1203 184 1259 222 uti
1277 195 1345 223 ne-

56 250 131 289 que
147 238 286 276 amisso
302 239 530 288 patrimonio
547 237 712 276 liberum
729 249 869 288 corpus
887 238 1052 278 habere:
1070 243 1173 277 tanta
1193 239 1345 278 saevitia

56 293 316 332 feneratorum
348 297 461 343 atque
484 293 672 343 praetoris
698 292 779 331 fuit.
826 293 948 343 Saepe
977 294 1142 332 maiores
1161 298 1330 333 vostrum
1360 297 1380 330 3

55 348 214 387 miseriti
238 347 361 398 plebis
389 347 583 386 Romanae
635 347 799 386 decretis
828 349 905 387 suis
932 349 1083 398 inopiae
1109 349 1191 387 eius
1221 350 1344 399 opitu-

26 402 120 442 slati
146 407 250 446 sunt,
283 415 328 442 ac
348 403 566 441 nov1ssume
589 404 775 441 memoria
810 408 940 441 nostra
969 407 1128 453 propter
1158 405 1344 454 magnitu-

56 457 184 497 dinem
208 459 307 496 aeris
329 457 439 497 alieni
458 456 671 496 volentibus
692 457 870 496 omnibus
894 457 1005 496 bonis
1027 462 1228 507 argentum
1257 470 1345 497 aere

55 512 222 552 solutum
253 518 320 551 est.
346 513 467 562 Saepe
491 513 572 562 ipsa
602 511 754 562 plebes,
783 517 848 551 aut
876 513 1095 552 dominandi
1112 513 1237 552 studio
1259 518 1382 564 per-4

57 572 159 606 mota
180 573 244 606 aut
263 567 443 618 superbia
462 568 765 616 magistratuum,
788 573 932 606 armata
949 580 970 606 a
986 568 1160 618 patribus
1176 569 1344 608 secessit.

55 624 102 661 At
120 634 190 661 nos
204 634 280 661 non
300 623 492 672 inperium
512 633 638 672 neque
660 622 805 661 divitias
824 624 1008 672 petimus,
1032 635 1196 673 quarum
1212 635 1346 662 rerum
1359 629 1379 661 5

13 688 42 714 ιο
57 689 169 717 causa
209 676 309 717 bella
332 682 444 727 atque
467 678 673 715 certamina
695 678 822 716 omnia
847 679 946 717 inter
967 677 1140 716 mortalis
1163 683 1269 722 sunt,
1291 683 1349 717 set

55 732 282 778 libertatem,
309 744 422 783 quam
445 743 558 770 nemo
579 731 704 771 bonus
726 733 797 770 nisi
817 745 905 771 cum
926 734 1051 772 anima
1067 733 1181 773 simul
1198 735 1349 774 amittit.

55 787 110 827 Te
141 791 254 838 atque
284 792 459 826 senatum
490 786 743 832 obtestamur,
777 788 981 827 consulatis
1011 788 1160 826 miseris
1189 787 1384 832 civibus‚6

55 842 150 892 legis
169 843 423 892 praesidium,
449 842 551 892 quod
576 843 753 892 iniquitas
774 844 962 892 praetoris
984 843 1143 893 eripuit,
1173 844 1348 882 restitua-

55 899 121 942 tis,
143 909 237 937 neve
258 897 369 936 nobis
386 909 469 936 eam
484 897 803 936 necessitudinem
819 899 1027 948 inponatis,
1048 902 1091 936 ut
1106 909 1347 948 quaeramus,

12 965 42 990 ιε»
58 964 224 1004 quonam
246 953 361 991 modo
382 964 560 991 maxume
583 952 650 991 ulti
676 954 901 1002 sanguinem
922 957 1098 992 nostrum
1118 953 1346 1002 pereamus'.

55 1007 112 1047 Ad
135 1008 231 1047 haec
250 1008 294 1054 Q.
314 1007 479 1046 Marcius
499 1007 725 1057 respondet:
748 1009 778 1046 si
798 1009 888 1058 quid
910 1007 956 1047 ab
977 1012 1111 1047 senatu
1137 1012 1268 1057 petere
1286 1020 1349 1047 ve·
1364 1006 1414 1046 34

57 1063 144 1107 lint,
177 1062 224 1102 ab
248 1063 364 1101 armis
391 1062 603 1106 discedant,
634 1062 794 1101 Romam
815 1062 1008 1113 subplices
1035 1063 1348 1113 proficiscantur:

57 1129 101 1157 ea
119 1117 412 1157 mansuetudine
433 1122 546 1167 atque
568 1118 828 1156 misericordia
847 1123 1021 1157 senatum
1041 1117 1173 1168 populi
1187 1117 1351 1156 Romani

57 1184 210 1223 semper
245 1172 383 1216 fuisse,
425 1177 468 1211 ut
495 1183 609 1211 nemo
638 1184 821 1223 umquam
849 1172 895 1211 ab
922 1185 967 1212 eo
997 1172 1139 1212 frustra
1169 1171 1350 1211 auxilium

18 1229 243 1279 20petiverit.

167 1284 214 1321 At
234 1281 390 1322 Catilina
413 1294 459 1321 ex
479 1283 615 1321 itinere
635 1282 829 1332 plerisque
850 1282 1127 1326 consularibus,
1148 1286 1350 1332 praeterea
1364 1289 1385 1320 2

58 1343 215 1389 optumo
242 1339 380 1388 cuique
406 1337 535 1376 literas
565 1339 690 1380 mittit,
725 1350 764 1376 se
794 1337 897 1376 salsis
927 1337 1151 1376 criminibus
1183 1338 1348 1375 circum·

57 1398 234 1437 ventum,
267 1394 447 1443 quoniam
473 1392 626 1430 factioni
656 1393 898 1431 inimicorum
919 1394 1099 1431 resistere
1123 1392 1348 1442 nequiverit,

58 1449 234 1488 fortunae
265 1447 422 1491 cedere,
453 1447 654 1485 Massiliam
684 1448 721 1485 in
750 1447 902 1486 exilium
930 1447 1138 1497 proficisci,
1167 1457 1245 1484 non
1275 1458 1350 1496 quo

13 1504 129 1544 25sibi
159 1504 252 1542 tanti
282 1502 438 1542 sceleris
468 1503 642 1541 conscius
672 1507 782 1546 esset,
805 1506 862 1541 set
884 1503 939 1540 uti
963 1513 1026 1540 res
1046 1501 1199 1552 publica
1225 1502 1351 1551 quieta

58 1559 160 1598 foret
179 1570 274 1597 neve
292 1570 338 1597 ex
361 1569 428 1596 sua
446 1558 688 1596 contentione
709 1557 841 1596 seditio
859 1558 1038 1596 oriretur.
1080 1556 1136 1595 Ab
1157 1556 1215 1594 his
1238 1555 1352 1605 longe
1365 1559 1386 1592 3

59 1615 232 1654 divorsas
261 1613 406 1652 litteras
434 1613 477 1658 Q.
508 1612 660 1651 Catulus
691 1613 729 1650 in
759 1617 892 1652 senatu
921 1612 1111 1656 recitavit,
1147 1623 1242 1662 quas
1280 1610 1352 1649 sibi

58 1670 214 1708 nomine
237 1667 417 1707 Catilinae
441 1667 608 1706 redditas
635 1667 795 1706 dicebat.
841 1668 983 1706 Earum
1008 1666 1226 1716 exemplum
1254 1665 1351 1704 infra

60 1725 246 1775 scriptum
275 1728 352 1762 est:
385 1723 438 1762 ‘L.
464 1722 619 1761 Catilina
641 1723 684 1768 Q.
712 1721 855 1761 Catulo.
904 1722 1068 1771 Egregia
1098 1726 1162 1760 tua
1192 1721 1286 1760 fides
1310 1733 1351 1759 re
1367 1720 1417 1760 35

17 1794 49 1822 ao
62 1780 230 1829 cognita,
254 1783 362 1828 grata
379 1777 472 1816 mihi
493 1779 642 1828 magnis
662 1779 701 1816 in
721 1779 814 1816 meis
838 1776 1036 1827 periculis,
1063 1776 1241 1815 fiduciam
1261 1787 1351 1814 con·

61 1834 294 1874 mendationi
329 1845 437 1872 meae
467 1832 610 1871 tribuit.
675 1832 796 1878 Quam
835 1832 882 1870 ob
912 1844 996 1870 rem
1026 1830 1288 1870 defensionem
1316 1831 1387 1868 in2

62 1901 161 1928 novo
183 1888 339 1928 consilio
356 1899 433 1926 non
454 1888 566 1926 statui
583 1899 738 1938 parare,
763 1887 1057 1925 satisfactionem
1078 1898 1124 1925 ex
1144 1885 1246 1925 nulla
1265 1896 1353 1924 con-

62 1944 217 1983 scientia
241 1943 287 1982 de
309 1942 420 1992 culpa
442 1954 661 1992 proponere
682 1942 845 1986 decrevi,
867 1953 1001 1992 quam,
1026 1953 1087 1980 me
1110 1941 1194 1980 dius
1209 1941 1351 1982 Fidius·

62 2011 194 2038 veram
221 1998 311 2037 licet
340 2008 560 2047 cognoscas.
601 1997 752 2036 Iniuriis
783 1995 1098 2047 contumeliisque
1128 1997 1350 2039 concitatus,

19 2069 50 2096 ³5
64 2054 168 2105 quod
196 2053 323 2092 fructu
343 2052 485 2091 laboris
509 2052 793 2102 industriaeque
818 2064 926 2091 meae
949 2052 1120 2101 privatus
1138 2055 1278 2090 statum
1299 2050 1353 2089 di·
1369 2057 1389 2089 3

64 2110 216 2159 gnitatis
244 2119 320 2146 non
350 2106 582 2157 optinebam,
613 2106 804 2157 publicam
831 2107 1060 2146 miserorum
1081 2117 1253 2145 caussam
1283 2117 1354 2155 pro

64 2176 150 2203 mea
179 2163 453 2203 consuetudine
482 2164 650 2212 suscepi.
683 2173 759 2200 non
780 2163 867 2212 quia
889 2174 953 2201 aes
975 2161 1138 2200 alienum
1169 2162 1264 2199 meis
1285 2172 1352 2198 no-

65 2219 230 2258 minibus
251 2230 297 2257 ex
316 2217 620 2268 possessionibus
642 2217 789 2256 solvere
809 2229 885 2255 non
906 2228 1077 2267 possem,
1101 2227 1189 2255 cum
1212 2215 1357 2254 scilicet

153 2285 327 2318 Sumus-r.
1131 2281 1154 2319 2
