1537 2512
116 89 139 125 4
347 100 402 125 DE
430 98 658 124 enimn-An
687 97 1008 124 comvnA‘riouss
1037 97 1072 124 c.
1096 91 1129 126 6.
1157 91 1191 126 7.

84 196 165 235 2Ηί
186 201 390 247 postquam
408 197 446 235 in
470 207 545 235 nna
568 196 719 234 moenia
740 207 968 240 convenere,
994 195 1138 246 dispari
1160 205 1316 245 genere,
1340 196 1416 236 dis-

117 251 231 289 simili
250 250 393 301 lingua,
423 250 485 290 alii
513 250 585 289 alio
610 262 720 289 more
740 251 920 295 viventes,
950 249 1177 290 incredibile
1197 255 1417 291 memoratu

83 314 103 347 3
117 310 174 345 est
204 318 319 357 quam
341 306 450 346 facile
479 306 704 345 coaluerint.
752 306 817 345 Set
837 310 1042 357 postquam
1063 318 1125 345 res
1146 318 1294 352 eorum,
1326 307 1416 345 civi-

117 360 189 400 bus
205 361 379 401 moribus
397 363 497 411 agris
514 366 636 406 aucta,
655 362 745 400 satis
761 372 949 411 prospera
965 362 1133 412 satisque
1148 360 1298 412 pollens
1314 361 1414 401 vide·
1495 411 1497 414 Α

115 416 243 462 hatur,
274 418 385 456 sicuti
404 417 590 468 pleraque
616 416 835 455 mortalium
857 416 1062 460 habentur,
1092 417 1230 455 invidia
1251 416 1297 456 ex
1319 428 1413 467 opu·
1429 428 1445 454 ε
1499 415 1505 441 7

82 478 103 509 4
118 471 234 510 lentia
255 477 339 512 orta
367 477 435 511 est.
478 472 598 521 Igitur
618 483 730 521 reges
752 471 963 522 populique
987 471 1150 510 finitumi
1177 471 1278 510 bello
1294 476 1416 522 temp-

117 532 212 571 tare,
236 529 351 577 pauci
370 540 417 566 ex
432 528 564 566 amicis
582 526 720 566 auxilio
738 538 844 566 esse:
873 538 964 565 nam
986 528 1105 565 ceteri
1122 531 1227 574 metu
1248 526 1417 577 perculsi

83 588 104 621 5
120 595 140 621 a
158 581 339 632 periculis
359 582 533 621 aberant.
556 583 602 620 At
617 582 780 620 Romani
797 582 900 620 domi
916 581 1148 632 militiaeque
1164 582 1299 621 intenti
1314 581 1416 621 sesti-

119 649 225 682 nare,
244 649 395 688 parare,
420 637 516 676 alius
532 636 647 676 alium
665 637 823 680 hortari,
849 636 1024 676 hostibus
1040 637 1190 675 obviam
1209 637 1277 682 ire,
1298 636 1416 676 liber·
1504 678 1506 681 ,

118 697 235 732 tatem
252 693 417 743 patriam
439 693 686 744 parentisque
706 693 822 731 armis
844 696 988 742 tegere.
1033 692 1136 736 Post,
1161 691 1226 731 ubi
1246 691 1416 742 pericula
1434 704 1465 731 ιο

119 748 262 787 virtute
290 747 564 798 propulerant,
596 748 709 786 sociis
731 752 846 798 atque
877 747 1008 786 amicis
1030 747 1167 786 auxilia
1198 747 1416 797 portabant,

120 804 320 854 magisque
347 803 481 842 dandis
512 814 627 854 quam
655 802 889 853 accipiundis
919 802 1104 840 benificiis
1134 803 1318 841 amicitias
1350 814 1417 854 pa-

120 858 269 897 rabant.

85 917 107 951 6
221 914 429 963 Imperium
454 912 693 962 legitnmum,
718 924 860 951 nomen
877 914 1017 965 imperi
1031 913 1181 962 regium
1208 911 1415 950 habebant.

119 969 277 1012 Delecti,
302 967 441 1019 quibus
465 980 607 1018 corpus
633 969 743 1006 annis
763 969 978 1011 infirmum,
1010 968 1207 1017 ingenium
1232 969 1418 1019 sapientia
1432 984 1464 1010 ιε

119 1023 285 1062 validum
317 1029 416 1067 erat,
450 1024 506 1062 rei
535 1023 712 1073 publicae
743 1022 1032 1062 consultabant:
1064 1024 1098 1061 ei
1123 1022 1181 1062 vel
1212 1027 1336 1063 aet-ate
1361 1022 1419 1063 vel

89 1084 109 1115 7
124 1090 240 1118 curae
261 1078 505 1118 similitudine
525 1083 653 1128 patres
684 1078 988 1129 adpellabantur.
1047 1079 1150 1123 Post,
1181 1078 1247 1117 ubi
1267 1079 1419 1128 regium

117 1133 442 1186 imperium,quod
457 1134 561 1172 initio
580 1133 867 1172 conservandae
882 1133 1070 1172 libertatis
1087 1139 1199 1185 atque
1218 1134 1418 1184 augendae

119 1190 178 1228 rei
197 1188 375 1241 publicae
397 1188 541 1233 fuerat,
565 1190 603 1227 in
624 1188 845 1239 superbiam
867 1189 1246 1240 dominationemque
1265 1201 1306 1228 se
1327 1201 1418 1228 con-

122 1245 249 1289 vortit,
280 1245 466 1283 inmutato
496 1255 606 1283 more
634 1255 761 1282 annua
782 1245 947 1295 imperia
961 1243 1150 1294 binosque
1171 1246 1468 1294 imperatoresao

120 1299 193 1339 sibi
214 1299 362 1339 fecere:
397 1311 442 1338 eo
464 1299 578 1338 modo
602 1301 772 1338 minume
794 1311 906 1350 posse
932 1299 1119 1349 putabant
1139 1311 1208 1350 per
1230 1299 1422 1339 licentiam

81 1357 105 1395 7
121 1354 356 1394 insolescere
378 1356 547 1393 animum
577 1354 800 1394 humanum.
849 1354 914 1394 Set
939 1367 982 1393 ea
1006 1359 1231 1405 tempestate
1256 1367 1422 1406 coepere

120 1422 138 1449 s
194 1411 356 1461 quisque
379 1411 499 1459 magis
521 1409 704 1448 extollere
726 1410 924 1461 magisque
948 1411 1145 1459 ingenium
1174 1411 1213 1449 in
1238 1415 1422 1461 promptu

92 1466 149 1504 211
176 1466 282 1505 bere.
335 1466 430 1504 Nam
460 1465 618 1514 regibus
646 1465 737 1503 boni
769 1477 883 1515 quani
915 1465 1002 1503 mali
1032 1467 1290 1516 suspectiores
1315 1472 1415 1510 sunt,

88 1528 352 1572 3semperque
374 1521 427 1560 eis
444 1519 565 1559 aliena
588 1521 706 1558 virtus
729 1520 977 1559 formidulosa
1001 1525 1068 1560 est.
1113 1521 1179 1560 Set
1202 1522 1331 1560 cix-itas
1356 1522 1470 1562 iii-2⁵·

123 1575 307 1615 credibile
330 1581 545 1615 memoratu
572 1581 627 1614 est
648 1575 784 1626 adepta
801 1575 974 1614 libertate
997 1581 1181 1626 quantum
1210 1576 1317 1615 brevi
1338 1588 1422 1616 cre-

89 1642 111 1673 4
124 1633 240 1672 verit:
257 1635 361 1670 tanta
378 1631 517 1681 cupido
535 1631 679 1680 gloriae
699 1632 919 1670 incesserat.
950 1631 1028 1669 lam
1047 1633 1214 1681 primum
1233 1632 1420 1677 iuventus,

123 1687 234 1726 simul
259 1699 303 1726 ac
318 1686 407 1725 lzelli
431 1687 579 1737 patiens
600 1691 699 1729 erat,
726 1687 763 1724 in
787 1687 920 1724 castris
945 1698 1014 1735 per
1036 1686 1210 1725 laborem
1234 1699 1304 1726 usu
1326 1687 1422 1726 inili-

125 1744 215 1781 tiam
232 1741 414 1783 discebat.
436 1743 634 1792 magisque
651 1742 688 1780 in
707 1741 856 1780 decoris
876 1742 993 1780 armis
1010 1747 1044 1780 et
1062 1741 1289 1781 militaribus
1313 1743 1422 1793 equis

92 1803 112 1834 5
129 1810 242 1848 quani
266 1798 303 1836 in
326 1797 464 1836 scortis
484 1802 598 1847 atque
625 1797 805 1835 conviviis
830 1797 1040 1835 lubidinem
1057 1796 1262 1836 habebant.
1304 1797 1422 1848 Igitur
1437 1814 1471 1842 3ο

124 1853 263 1892 talibus
290 1853 380 1891 viris
410 1863 488 1890 non
512 1851 622 1890 labor
644 1852 834 1895 insolitus,
868 1864 945 1890 non
976 1852 1083 1891 locus
1105 1852 1205 1892 ullus
1226 1864 1339 1904 asper
1361 1858 1426 1893 aut

126 1908 272 1947 arduus
293 1912 392 1951 erat.
421 1919 497 1945 non
516 1912 685 1946 armatus
703 1907 823 1945 bostis
842 1907 1134 1946 sormidnlosus:
1158 1909 1277 1947 virtus
1297 1909 1425 1948 omnia

92 1966 113 2000 6
127 1963 338 2002 domuerat.
372 1963 437 2001 Set
452 1962 596 2012 gloriae
622 1974 843 2001 maxumum
864 1969 1058 2002 certamen
1082 1965 1180 2003 inter
1202 1965 1305 2014 ipsos
1322 1969 1424 2003 erat:

126 2031 167 2058 se
189 2019 351 2070 quisquc
374 2017 524 2056 hostem
547 2018 674 2061 ferire,
698 2030 852 2056 mnrnm
871 2018 1118 2063 adscendere,
1143 2019 1427 2069 conspici‚dum

125 2073 200 2113 tale
221 2073 368 2112 facinus
390 2073 544 2117 faceret,
568 2073 820 2123 properabat:
845 2086 909 2112 eas
926 2074 1084 2119 divitias,
1103 2086 1186 2113 eam
1210 2074 1350 2113 bonam
1370 2075 1423 2114 fa-
1437 2090 1471 2117 ³⁸
1518 2077 1523 2084 “

127 2141 228 2168 mam
264 2139 518 2178 magnamque
551 2128 787 2167 nobilitatem
818 2129 1015 2179 putabant.
1040 2129 1178 2168 Laudis
1209 2129 1327 2174 avidi,
1359 2142 1425 2182 pe-

128 2185 263 2224 cuniae
285 2183 462 2222 liberales
485 2189 614 2222 erant:
646 2183 806 2233 gloriam
833 2185 1045 2234 ingentem.
1079 2185 1224 2223 divitias
1245 2184 1427 2225 honestas

98 2247 116 2278 7
135 2238 324 2279 volebant.
373 2238 587 2277 Memorare
611 2251 761 2289 possem
784 2239 923 2290 quibus
945 2241 981 2279 in
1007 2239 1098 2279 loeis
1130 2251 1328 2279 maxumas
1356 2240 1426 2280 ho·
