1537 2512
348 100 403 125 DE
431 99 565 126 BELLO
596 99 860 126 IVGVRTHINO
892 99 928 125 c.
955 93 1012 128 60.
1044 95 1101 129 61.
1324 89 1376 128 75

76 196 222 236 avidius
252 196 361 236 alteii
389 195 532 235 alteros
561 197 734 236 sauciare
765 209 880 247 quam
908 201 1030 236 semet
1050 202 1203 247 teger:e
1229 196 1408 236 clamor2

75 253 288 303 permixtus
302 251 518 291 hortatione
537 251 676 290 laetitia
699 253 854 302 gemitu,
872 253 963 292 item
979 253 1161 303 strepitus
1177 264 1307 292 armo1
1311 264 1375 292 um

77 307 124 346 ad
145 306 293 346 caelum
322 307 436 351 ferri,
466 305 539 348 tela
570 308 764 358 utrimque
788 305 928 347 volare.
994 307 1060 346 Set
1087 306 1152 352 illi,
1185 309 1249 358 qui
1271 320 1376 347 moe·
1395 314 1414 345 :3

75 363 138 400 nia
169 361 433 405 defensabant,
464 361 530 400 ubi
550 362 679 401 hostes
698 361 856 413 paulum
881 362 996 401 modo
1018 373 1187 412 pugnam
1216 365 1375 402 remise·

47 431 62 456 5
76 422 174 461 rant,
197 418 330 456 intenti
343 415 534 467 proelium
553 421 730 467 equestre
752 417 1072 469 prospectabant:
1090 430 1168 463 eos,
1187 419 1242 457 uti
1260 430 1374 468 quae·
1389 426 1409 456 4

76 484 150 523 que
169 471 379 521 Iugurthae
399 483 463 510 res
492 476 620 516 erant,
653 471 772 511 laetos
799 473 914 512 modo
937 473 1052 512 modo
1072 473 1230 524 pavidos
1255 474 1374 512 anim-

75 527 316 571 adverteres,
349 539 393 566 ac
420 526 542 566 sicubi
564 527 687 566 audiri
718 539 738 565 a
770 529 848 566 suis
868 533 933 567 aut
954 529 1061 567 cerni
1083 533 1261 579 possent,
1293 540 1374 566 mo-

76 594 168 622 nere
196 581 258 621 alii
287 582 348 621 alii
369 582 528 626 hortari,
560 587 625 621 aut
642 595 758 622 manu
780 584 996 633 significare
1025 588 1090 622 aut
1113 584 1181 622 niti
1202 584 1375 633 corpori-

75 637 166 681 bus,
200 642 238 676 et
274 649 318 676 ea
348 638 425 676 huc
453 642 490 676 et
519 637 610 677 illuc
642 639 749 689 quasi
780 638 975 677 vitabundi
1000 643 1066 677 aut
1090 640 1271 678 iacientes
1301 637 1376 677 tela

30 707 62 733 ιο
75 694 232 742 agitare.
293 693 404 738 Quod
434 692 501 731 ubi
530 693 650 731 Mario
683 694 877 742 cognitum
917 697 975 732 est
1009 716 1054 721 —
1084 705 1173 732 nam
1202 695 1233 732 is
1262 693 1301 732 in
1333 703 1409 735 eas

74 752 183 799 parte
205 747 365 787 curabat
389 769 445 775 —
479 748 656 787 consulto
679 748 803 787 lenius
838 759 952 798 agere
976 760 1020 787 ac
1042 748 1291 787 diffidentiam
1319 749 1376 786 rei

74 802 275 842 simulare:
305 804 385 854 pati
406 803 590 842 Numidas
614 804 695 842 sine
716 802 880 842 tumultu
902 805 1006 853 regis
1025 803 1217 854 proelium
1237 804 1373 842 visere.

74 857 129 896 lta
150 857 223 896 illis
250 858 375 897 studio
396 870 555 897 suorum
581 858 772 897 adstrictis
802 864 962 909 repente
992 869 1132 908 magna
1156 860 1191 897 vi
1220 866 1410 898 murumfi

75 913 317 963 adgreditur,
342 918 380 952 et
400 914 475 952 iam
496 913 606 952 scalis
628 915 772 963 egressi
791 914 928 953 milites
952 925 1075 964 prope
1097 925 1245 953 summa
1263 925 1373 964 cepe-

28 981 61 1008 15
73 973 173 1014 rant,
197 980 284 1008 cum
300 969 482 1019 oppidani
503 973 753 1013 concurrunt,
776 969 921 1019 lapides
941 971 1069 1019 ignem
1087 969 1157 1008 alia
1173 974 1375 1020 praeterea

74 1023 150 1063 tela
180 1024 373 1073 ingerunt.
434 1023 564 1062 Nostri
594 1025 719 1074 primo
748 1025 948 1063 resistere:
980 1024 1137 1069 deinde,
1176 1024 1243 1064 ubi
1275 1030 1408 1063 uuae7

75 1084 189 1130 atque
210 1079 352 1118 alterae
375 1078 500 1118 scalae
527 1080 783 1123 conminutae,
815 1081 879 1130 qui
902 1084 1206 1130 supersteterant
1235 1078 1375 1118 adflicti

75 1139 175 1179 sunt,
198 1135 315 1174 ceteri
337 1146 490 1185 quoquo
511 1134 627 1172 modo
643 1139 817 1185 potuere,
834 1136 946 1184 pauci
967 1136 1106 1184 integri
1124 1145 1263 1184 magna
1286 1145 1376 1184 pars

75 1189 297 1229 volneribus
323 1189 486 1228 confecti
538 1188 692 1228 abeunt.
761 1189 932 1240 Denique
963 1191 1158 1240 utrimque
1185 1189 1374 1240 proelium

29 1259 64 1284 20
76 1256 153 1283 nox
180 1245 343 1284 diremit.

188 1299 362 1340 Metellus
390 1305 594 1351 postquam
618 1300 720 1339 videt
743 1299 886 1338 frustra
909 1300 1123 1350 inceptum,
1155 1311 1282 1350 neque
1306 1310 1372 1349 op·
1390 1301 1431 1339 62

76 1356 209 1407 pidum
234 1356 318 1405 capi
347 1367 473 1406 neque
502 1355 727 1404 Iugurtham
753 1355 892 1393 nisiex
922 1355 1067 1393 insidiis
1096 1360 1162 1394 aut
1191 1366 1259 1393 suo
1290 1354 1374 1392 loco

83 1422 254 1462 pugnam
280 1410 430 1455 facere,
463 1415 501 1449 et
527 1411 600 1449 iam
631 1414 813 1449 aestatem
843 1414 1015 1448 exactam
1044 1421 1144 1454 esse,
1184 1409 1231 1448 ab
1263 1409 1375 1447 Zama

78 1466 257 1510 discedit,
286 1470 324 1504 et
349 1467 384 1504 in
418 1467 472 1504 eis
492 1465 673 1509 urbibus,
706 1477 804 1515 quae
833 1465 878 1503 ad
901 1476 941 1503 se
962 1464 1184 1504 defecerant
1209 1465 1376 1514 satisque

30 1535 64 1561 25
77 1523 247 1561 munitae
266 1520 352 1559 loco
375 1525 440 1559 aut
458 1520 660 1560 moenibus
676 1524 797 1564 erant,
815 1520 1004 1570 praesidia
1026 1521 1185 1570 inponit,
1204 1523 1376 1559 ceterum
1390 1526 1410 1556 2

78 1578 289 1616 exercitum
311 1577 349 1614 in
371 1577 627 1626 provinciam,
652 1587 749 1626 quae
768 1587 956 1625 proxuma
978 1579 1036 1614 est
1054 1575 1272 1619 Numidiae,
1294 1574 1375 1613 hie-

78 1632 208 1671 mandi
236 1632 358 1681 gratia
380 1631 566 1670 conlocat.
608 1631 742 1682 Neque
770 1630 807 1669 id
836 1635 989 1680 tempus
1015 1643 1062 1669 ex
1083 1629 1247 1669 aliorum
1266 1638 1409 1670 more3

80 1688 197 1739 quieti
225 1692 290 1726 aut
317 1686 493 1726 luxuriae
518 1687 704 1730 concedit,
728 1691 786 1725 set
805 1687 985 1737 quoniam
1007 1686 1122 1724 armis
1145 1685 1289 1724 bellum
1309 1696 1376 1734 pa·

79 1754 167 1782 rum
188 1741 436 1793 procedebat,
459 1742 614 1780 insidias
634 1743 717 1791 regi
738 1753 808 1791 per
830 1742 973 1779 amicos
994 1740 1155 1779 tendere
1183 1745 1220 1779 et
1240 1751 1375 1778 eorum

34 1811 67 1838 30
80 1798 241 1849 perfidia
270 1809 341 1848 pro
372 1798 489 1836 armis
518 1798 573 1836 uti
592 1802 714 1847 parat.
766 1796 885 1845 Igitur
906 1795 1183 1839 Bomilcarem,
1215 1795 1280 1845 qui
1300 1793 1375 1832 Ro·
1392 1804 1412 1834 4

75 1869 162 1897 mae
192 1868 280 1896 cum
311 1853 496 1904 Iugurtha
527 1854 673 1897 fuerat,
708 1857 745 1890 et
773 1851 864 1890 inde
894 1850 1055 1890 vadibus
1085 1849 1184 1889 datis
1214 1850 1262 1888 de
1282 1849 1381 1889 Mas-

75 1915 178 1953 sivae
208 1923 303 1950 nece
333 1909 517 1948 iudicium
548 1909 720 1958 fugerat,
754 1906 855 1956 quod
888 1907 922 1944 ei
953 1917 1022 1956 per
1044 1917 1263 1945 maxumam
1285 1905 1380 1944 ami-

79 1970 206 2008 citiam
239 1977 417 2005 maxuma
448 1965 557 2014 copia
588 1962 748 2001 fallundi
780 1967 879 2006 erat,
924 1960 1056 2000 multis
1094 1959 1382 2011 pollicitationi-

81 2019 155 2060 bus
182 2019 418 2070 adgreditur.
483 2019 537 2057 Ac
564 2019 691 2068 primo
717 2018 851 2061 efficit,
891 2018 946 2056 uti
977 2017 1023 2056 ad
1054 2028 1095 2056 se
1124 2015 1413 2067 conloquendi5

31 2091 70 2118 ³5
84 2077 204 2126 gratia
225 2074 398 2114 occultus
416 2075 560 2113 veniat:
583 2073 720 2112 deinde
742 2073 816 2112 tide
838 2073 936 2117 data,
955 2074 986 2111 si
1010 2071 1234 2121 Iugurtham
1256 2072 1380 2110 vivom

85 2135 150 2170 aut
170 2135 350 2170 necatum
370 2129 442 2168 sibi
467 2128 698 2173 tradidisset,
720 2128 803 2167 sore
824 2133 867 2167 ut
881 2127 934 2167 illi
953 2132 1108 2167 senatus
1128 2127 1381 2177 inpunitatem

86 2191 125 2224 et
153 2197 221 2225 sua
248 2185 375 2224 omnia
405 2184 657 2229 concederet,
689 2183 799 2223 facile
823 2183 1011 2223 Numidae
1040 2182 1259 2232 persuadet,
1291 2193 1379 2220 cum

84 2241 239 2288 ingenio
260 2239 389 2284 infido,
412 2245 493 2278 tum
514 2241 717 2284 metuenti,
742 2251 810 2282 ne,
839 2240 870 2278 si
898 2250 974 2289 pax
998 2249 1085 2277 cum
1108 2237 1292 2276 Romanis
1314 2237 1380 2276 fie-
