1537 2512
125 100 202 138 116
478 110 717 137 onArlonsss
745 110 795 136 ET
830 110 1066 138 prsrULAF.

122 220 206 247 rem
225 207 419 258 publicam
436 206 520 246 suso
537 208 745 256 sanguine?
767 208 908 249 Fessus
924 208 1132 248 scribundo
1150 206 1415 257 mittundoque

122 267 269 312 legatos
298 263 422 300 omnis
450 273 542 312 opes
564 266 600 300 et
625 274 713 312 spes
743 266 909 313 privatas
935 275 1040 303 meas
1066 263 1295 314 consumpsi,
1328 273 1416 300 cum

123 319 277 357 interim
303 330 324 356 a
351 317 458 356 vobis
486 329 556 368 per
585 317 794 357 triennium
821 320 881 358 vix
919 330 1069 358 annuus
1100 322 1274 368 sumptus
1306 316 1417 356 datus

78 383 98 416 3
124 377 192 413 est.
219 373 294 411 Per
325 372 417 411 deos
445 370 672 416 inmortalis,
704 376 835 412 utrum
868 375 1030 413 censetis
1054 385 1115 412 me
1143 374 1262 412 vicem
1293 372 1416 411 aerari

121 433 332 479 praestare,
357 439 406 466 an
433 427 642 467 exercitum
669 427 751 467 sine
776 429 968 468 frumento
994 434 1031 467 et
1055 427 1243 478 stipendio
1271 426 1445 466 haberes

77 494 99 526 4
122 483 260 535 posse?
311 482 499 533 Equidem
528 482 650 520 fateor
674 494 736 521 me
765 483 812 522 ad
842 483 916 522 hoc
942 483 1086 522 bellum
1115 483 1261 521 maiore
1292 482 1417 520 studio

123 550 238 589 quam
264 537 421 576 consilio
441 537 677 587 profectum:
709 539 851 589 quippe
873 540 935 589 qui
965 540 1120 577 nomine
1150 537 1265 576 modo
1277 538 1417 588 imperi

123 605 144 632 a
173 592 281 631 vobis
311 597 468 642 accepto
492 591 626 630 diebus
654 593 905 643 quadraginta
936 595 1146 633 exercitum
1174 592 1316 642 paravi,
1348 591 1417 629 ho-

123 649 268 698 stisque
308 649 346 686 in
379 647 592 686 cervicibus
627 649 701 686 iam
742 648 870 687 Italiae
909 650 1056 698 agentis
1092 648 1139 686 ab
1182 647 1342 697 Alpibus
1379 647 1416 684 in

123 703 344 752 Hispaniam
386 702 572 741 submovi.
627 702 701 741 Per
732 715 796 742 eas
825 704 897 742 iter
937 704 1037 742 aliud
1068 709 1182 753 atque
1213 700 1418 749 Hannibal,
1432 711 1465 737 ιο

77 770 101 803 5
123 758 235 797 nobis
249 758 517 807 opportunius,
540 758 719 809 patefeci.
752 757 898 807 Recepi
916 756 1076 797 Galliam
1092 758 1419 810 Pyrenaeum‚la-

125 814 312 853 cetaniam
338 812 532 863 Indigetis,
563 818 600 851 et
627 814 795 863 primum
819 815 991 863 inpetum
1009 814 1157 853 Sertori
1177 813 1330 852 victoris
1350 823 1418 851 no-

124 869 180 907 vis
198 867 381 907 militibus
406 872 443 906 et
466 867 586 906 multo
608 868 854 918 paucioribus
883 870 1049 909 sustinui
1088 869 1331 919 hiememque
1357 879 1420 907 ca-

125 924 213 962 stris
249 924 348 962 inter
377 924 630 962 saevissumos
660 923 791 968 hostis,
828 935 905 962 non
943 936 1013 974 per
1047 923 1186 973 oppida
1216 935 1343 973 neque
1375 935 1421 962 ex

80 988 103 1022 6
127 978 333 1018 ambitione
356 990 442 1016 mea
468 980 539 1029 egi.
591 977 689 1023 Quid
723 978 864 1018 deinde
893 978 1039 1030 proelia
1070 983 1135 1017 aut
1162 979 1466 1029 expeditionesus

126 1033 327 1078 hibernas,
369 1033 508 1084 oppida
547 1034 673 1072 excisa
706 1040 770 1073 aut
805 1039 961 1084 recepta
987 1034 1238 1073 enumerem?
1269 1033 1421 1084 quando

126 1101 190 1128 res
218 1088 304 1139 plus
330 1088 429 1127 valet
459 1101 574 1139 quam
604 1088 734 1128 verba.
788 1089 919 1128 Castra
951 1090 1118 1128 hostium
1149 1089 1250 1139 apud
1281 1089 1421 1128 Sucro-

126 1157 215 1184 nem
234 1149 343 1195 capta
364 1148 400 1182 et
422 1144 614 1195 proelium
639 1145 740 1194 apud
763 1144 907 1184 flumen
929 1145 1085 1184 Turiam
1103 1148 1139 1183 et
1157 1144 1232 1183 dux
1255 1144 1421 1183 hostium

127 1199 402 1239 G.Herennius
424 1211 511 1238 cum
532 1199 629 1239 urbe
646 1199 815 1239 Valentia
836 1205 873 1239 et
888 1201 1058 1239 exercitu
1079 1199 1192 1238 deleti
1213 1201 1303 1238 satis
1320 1199 1420 1239 clara

126 1253 234 1293 vobis
252 1259 360 1293 sunt:
387 1266 459 1305 pro
491 1255 595 1305 quis,
629 1267 649 1292 o
674 1257 771 1304 grati
801 1260 941 1305 patres,
975 1259 1183 1305 egestatem
1214 1259 1251 1294 et
1281 1255 1469 1295 samemeo

126 1309 296 1348 redditis.
327 1309 461 1360 Itaque
483 1321 569 1348 meo
595 1315 631 1348 ct
651 1310 818 1349 hostium
849 1311 1033 1349 exercitui
1059 1321 1129 1360 par
1150 1309 1314 1348 conditio
1346 1315 1421 1349 est:

82 1375 101 1407 7
127 1375 294 1415 namque
319 1364 551 1414 stipendium
571 1366 697 1404 neutri
720 1365 851 1405 datur:
881 1367 1002 1404 victor
1030 1371 1194 1416 uterque
1214 1366 1251 1403 in
1278 1365 1423 1404 ltaliam

81 1427 104 1461 8
129 1420 259 1459 venire
288 1424 425 1470 potest.
458 1419 568 1465 Quod
589 1431 661 1470 ego
684 1432 750 1459 vos
773 1432 911 1459 moneo
936 1432 1156 1471 quaesoque
1185 1425 1228 1459 ut
1255 1420 1424 1460 animad-

128 1476 297 1519 vortatis,
326 1486 402 1513 neu
429 1476 573 1525 cogatis
591 1476 883 1515 necessitatibus
900 1477 1073 1527 privatim
1096 1475 1188 1515 mihi
1208 1475 1421 1515 consulere.

83 1539 105 1572 9
129 1529 349 1580 Hispaniam
379 1531 620 1575 citeriorem,
652 1543 725 1582 qua
755 1543 833 1570 non
868 1531 915 1569 ab
949 1531 1123 1570 hostibus
1151 1536 1323 1576 tenetur,
1354 1542 1470 1571 n0825

130 1590 195 1623 aut
222 1585 416 1623 Sertorius
446 1585 492 1623 ad
529 1587 830 1626 internecionem
860 1588 1088 1625 vastavimus
1123 1591 1278 1636 praeter
1309 1587 1425 1626 mari·

129 1644 255 1678 tumas
277 1640 455 1683 civitates,
479 1639 580 1678 ultro
602 1641 712 1679 nobis
736 1643 903 1691 sumptui
930 1643 1126 1692 onerique.
1168 1640 1287 1680 Gallia
1313 1653 1425 1693 supe-

130 1695 233 1733 riore
262 1706 363 1733 anno
396 1694 535 1733 Metelli
567 1697 778 1736 exercitum
806 1697 995 1746 stipendio
1027 1697 1297 1747 frumentoque
1335 1697 1425 1737 aluit

131 1755 167 1788 et
195 1761 300 1788 nunc
329 1749 437 1787 malis
468 1749 655 1789 fructibus
686 1753 765 1801 ipsa
795 1753 853 1789 vix
886 1753 1011 1801 agitat.
1043 1751 1125 1802 Ego
1155 1763 1232 1790 non
1260 1764 1342 1792 rem
1370 1752 1424 1791 sa·

66 1815 106 1848 ιο
130 1803 318 1843 miliarem
343 1805 470 1849 modo,
503 1818 636 1844 verum
658 1809 769 1846 etiam
796 1807 909 1845 fidem
931 1808 1164 1857 consumpsi.
1195 1806 1342 1847 Relicui
1362 1819 1471 1846 voss)

133 1860 246 1899 estis:
278 1861 342 1911 qui
372 1859 443 1898 nisi
464 1860 686 1906 subvenitis,
713 1863 829 1900 invito
868 1868 905 1900 et
941 1862 1186 1912 praedicente
1225 1875 1285 1903 me
1317 1875 1426 1903 exer-

133 1915 229 1953 citus
257 1914 347 1954 hinc
379 1920 414 1954 et
449 1928 536 1955 cum
575 1928 620 1954 eo
652 1930 764 1956 omne
801 1916 943 1956 bellum
983 1917 1186 1968 Hispaniae
1216 1919 1252 1957 in
1282 1918 1426 1958 ltaliam

135 1970 480 2019 transgredientur.

413 2060 545 2098 Oratio
574 2061 708 2100 Macri
731 2062 816 2099 trib.
840 2062 944 2110 pleb.
975 2061 1032 2099 ad
1049 2061 1154 2110 pleb.

668 2126 725 2167 (η.
752 2126 804 2159 111
829 2126 897 2167 oi).

89 2203 103 2234 1
244 2191 300 2230 Si.
335 2190 520 2236 Quirites,
551 2203 687 2242 parum
720 2194 1020 2237 existumaretis,
1072 2194 1161 2244 quid
1197 2194 1376 2234 interius
1405 2206 1471 2234 aas

135 2245 343 2285 maioribus
366 2245 543 2286 relictum
573 2247 679 2287 vobis
710 2254 745 2287 et
773 2248 846 2287 lioc
872 2261 891 2287 a
915 2248 1018 2288 Sulla
1038 2254 1214 2300 paratum
1233 2250 1427 2290 servitium

1523 85 1537 118 -¹.
1524 0 1537 62 ,μμ-
