1512 2512
67 72 114 100 VI
611 65 826 93 PAEFATlo.

71 153 207 189 recepto
241 145 427 178 orationem
459 142 675 184 perspicuam
706 148 738 173 et
767 141 905 183 dignam
937 138 1097 173 Sallustio
1123 139 1196 171 fleri
1219 149 1318 183 nego.
1346 158 1389 166 -

73 192 129 231 38,
149 193 181 226 3.
206 194 284 233 post
308 188 423 223 Sullae
447 183 616 230 tempora]
641 190 721 228 post
751 186 810 218 illa
834 189 985 226 tempora
1008 184 1033 216 Ι.
1081 183 1300 217 Confirmavit
1322 195 1388 225 me,

74 236 167 278 quod
190 237 225 268 in
246 234 340 267 libris
357 231 512 265 similiter
527 237 702 273 peccatum
718 229 866 261 intellexi
884 230 985 269 28,4:
1012 239 1058 261 ex
1073 227 1221 261 Sullanis
1236 231 1390 264 coloniis.

74 291 97 324 p
123 280 294 313 eoeillanis.
336 277 361 309 P
379 277 544 310 exulanis.
563 293 607 298 —
631 276 685 312 39,
704 275 735 306 2.
761 279 903 313 ceteros,
929 274 985 316 qui
999 272 1127 315 plebem
1142 274 1177 305 in
1192 275 1391 316 magistratu

74 325 244 368 placidius
270 326 468 359 tractarent,
494 321 626 352 iudiciis
651 324 782 351 terrere
806 329 834 350 c.
858 317 998 351 Ritsehl.
1024 317 1112 350 Mus.
1137 317 1246 351 Rhen.
1264 317 1347 351 XXI
1369 320 1391 352 2

75 381 110 413 p.
130 369 195 402 318
212 366 280 411 sq.]
313 371 508 407 ceterosque
538 365 671 396 iudiciis
701 368 850 400 terrere,
888 372 951 404 quo
979 361 1108 403 plebem
1138 363 1172 394 in
1195 363 1393 404 mayistratu

76 414 245 457 placidius
270 415 469 445 tractarent.
493 426 537 432 —
561 410 616 450 39,
634 409 666 440 4.
692 409 758 440 illis
781 405 829 448 si]
855 408 920 439 illis
945 407 1001 448 qui
1023 406 1046 439 Ι.
1088 405 1178 444 Quae
1202 407 1237 438 in
1262 405 1391 440 Comm.

77 469 112 502 p.
129 459 194 491 109
208 468 261 498 sq.
286 455 442 497 exposui,
467 453 617 486 nondum
641 452 784 484 refutata
808 451 887 483 vidi.
929 449 1081 483 Ceterum
1099 451 1190 492 quod
1207 451 1242 483 in
1258 451 1392 484 duobus

77 503 218 535 alterius
244 501 378 543 generis
403 499 495 530 libris
524 504 605 540 post
634 497 842 539 exanguibus
872 496 1040 528 adiectum
1071 502 1122 527 est
1151 497 1288 535 celeris,
1324 497 1394 528 iam

79 547 269 587 antiquiore
292 552 443 586 tempore
467 543 622 574 homines
640 541 758 574 doctos
777 541 812 573 iu
828 542 893 573 illis
917 542 975 583 qui
998 539 1191 578 offendisse,
1217 540 1394 573 ostendere

80 592 164 624 mihi
188 591 330 623 videtur.
358 605 395 612 -
423 589 478 627 39,
495 588 525 619 6.
552 592 609 619 aut
632 584 721 629 ipse]
749 591 807 618 aut
827 596 894 628 per
916 596 953 618 se
977 585 1001 617 1.
1025 602 1069 608 -—
1098 586 1154 623 41,
1172 585 1192 617 5
1216 585 1419 627 Praecipit‘

78 636 218 668 Linkeri
242 635 342 667 etiam
366 633 390 666 Ι.
416 632 553 676 recepit.
601 631 691 663 Idem
722 640 786 672 ego
820 639 892 662 eam
918 630 959 661 ob
990 639 1126 662 causam
1157 639 1259 669 quam
1290 639 1396 672 supra

80 679 284 723 significavi.
309 678 440 711 Etenim
458 677 508 709 vir
524 676 764 708 amicissumus
783 675 975 706 Fleckeisen
992 683 1045 706 me
1061 674 1193 706 monuit
1215 683 1277 717 pro
1291 684 1396 717 prae-

84 726 187 768 cipio,
209 724 383 767 praecipit
406 722 592 762 antiquitus
614 718 810 762 praecepio,
841 717 1021 762 praecepit
1052 725 1084 750 et
1106 718 1233 750 dictum
1257 726 1290 751 et
1313 719 1396 750 scri-

83 778 180 812 ptum
205 779 290 801 esse.
331 766 381 799 Cf.
407 767 432 798 Ι.
452 768 503 803 12,
522 767 554 799 6.
574 783 615 788 -
639 767 696 806 42,
715 766 745 797 3.
770 766 804 796 in
828 766 987 799 ulteriore
1012 773 1086 794 cum
1105 762 1232 805 Cortio]
1257 765 1292 795 in
1316 764 1396 795 cice-

81 817 175 847 riore
199 815 223 846 Ι.
249 812 343 853 quod
367 812 426 852 qui
448 811 610 842 librorum
635 819 737 841 causa
762 810 891 847 retinet,
918 807 1116 840 Sallustium
1140 809 1248 850 turpis
1274 807 1398 840 erroris

82 857 269 891 insimulat.
288 874 329 881 —
353 857 410 894 43,
429 857 458 887 1.
486 852 750 895 'faesulanum
776 854 998 886 Faesulanum
1014 852 1038 884 Ι.
1072 853 1108 883 In
1122 852 1200 885 edit.
1211 852 1298 885 1864
1315 852 1399 884 Exc.

83 904 128 935 III
153 913 185 945 p.
204 903 270 935 208
299 901 535 933 Trossulanum
551 900 687 939 conieci,
714 908 803 929 nunc
819 908 917 929 cruce
935 897 1087 938 praefixa
1104 897 1303 929 vocabulum
1317 906 1400 928 eou-

82 956 221 989 ruptum
247 956 323 978 esse
347 944 608 987 significandum
633 943 760 985 putavi.
787 961 828 966 —
851 944 907 983 45,
925 944 956 975 3.
982 946 1014 974 et
1039 951 1098 973 cur
1114 941 1292 974 delendum
1316 939 1401 972 mihi

83 992 252 1024 videretur
276 990 422 1032 exposui
446 990 481 1020 in
505 988 557 1021 ed.
577 989 673 1020 1864.
700 987 781 1019 Exc.
799 987 844 1018 IV
868 997 900 1029 p.
915 989 990 1019 210.
1010 1003 1047 1010 —
1074 987 1132 1027 46,
1151 988 1182 1018 5.
1208 986 1400 1018 Verborum

83 1039 119 1070 in
142 1040 293 1069 senatum
317 1035 498 1066 electorum
524 1042 562 1065 eo
587 1034 699 1064 minus
724 1042 777 1063 me
802 1032 978 1074 paenituit,
1012 1031 1105 1073 quod
1130 1031 1230 1063 etiam
1254 1030 1278 1063 1.
1305 1030 1400 1062 uncis

84 1080 320 1114 circumclusit.
345 1095 386 1102 ——
411 1080 468 1118 49,
487 1080 517 1110 1.
544 1078 624 1116 Per,
651 1077 744 1117 quod
767 1077 866 1108 nimis
885 1075 1062 1108 subtilibus
1081 1075 1268 1107 rat10nibus
1286 1084 1402 1107 ueces-

85 1127 176 1159 sario
201 1124 425 1167 repetundum
449 1122 557 1155 fuisse
581 1121 830 1159 contenderem,
868 1131 957 1152 nunc
979 1120 1140 1152 librorum
1171 1119 1250 1152 fidei
1280 1119 1402 1152 cedens

88 1171 190 1203 altero
221 1170 296 1201 loco
327 1168 445 1200 delevi.
471 1184 514 1190 —-
544 1168 600 1207 49,
617 1168 649 1198 4.
681 1177 783 1208 usque
808 1176 847 1198 eo
878 1175 938 1208 per
968 1166 1054 1197 adeo
1092 1164 1295 1207 explicatum
1328 1173 1404 1196 esse

89 1215 189 1255 idque
212 1214 278 1245 loci
308 1211 552 1254 oonrumpendi
582 1221 718 1243 causam
748 1211 948 1252 praebuisse
977 1209 1136 1241 concedo.
1163 1227 1203 1232 —
1235 1210 1288 1247 50,
1307 1209 1340 1241 2.
1369 1209 1405 1240 in

87 1260 263 1293 audaciam
288 1268 330 1290 ex
354 1257 560 1299 glossemate
585 1262 656 1288 orta
682 1265 757 1287 esse
782 1256 881 1287 etiam
904 1255 928 1286 l.
953 1253 1126 1286 intellexit.
1175 1253 1238 1291 Qui
1263 1253 1405 1285 retinere

88 1304 178 1344 velit,
205 1310 294 1335 certe
317 1310 538 1344 transponere
562 1301 670 1333 debet.
699 1316 744 1323 -
775 1301 830 1338 50,
846 1301 880 1333 4.
912 1299 1022 1331 Verba
1048 1299 1139 1341 quod
1166 1309 1208 1330 ea
1232 1299 1273 1330 de
1297 1308 1336 1330 re
1360 1313 1403 1320 -

88 1353 266 1383 censuerat
290 1357 357 1388 quo
382 1346 485 1377 modo
520 1345 696 1377 commode
727 1345 954 1386 explicentur,
986 1343 1137 1375 nondum
1168 1342 1336 1385 intellego.
1362 1357 1405 1365 -

90 1396 143 1433 51,
160 1395 193 1426 4.
221 1402 306 1435 quae
329 1389 440 1434 reyes]
469 1392 526 1432 qui
547 1400 645 1431 reyes
669 1389 694 1424 Ι.
741 1387 778 1420 Si
803 1389 1042 1431 grammaticus
1069 1387 1206 1428 quidam
1231 1397 1316 1430 quae
1341 1395 1405 1419 suo

91 1438 196 1471 Marte
220 1437 368 1473 novavit,
400 1440 488 1467 certe
513 1435 594 1475 quid
619 1433 700 1465 Sall.
726 1434 871 1465 scribere
895 1433 1079 1471 debuisset,
1105 1440 1193 1464 recte
1216 1432 1405 1474 perspexit.

91 1500 133 1506 -—
159 1484 211 1520 51,
230 1483 260 1515 5.
291 1482 395 1521 infida
425 1484 458 1512 et
481 1476 645 1521 advorsa]
679 1479 784 1519 infida
815 1484 915 1520 atque
945 1479 1092 1510 advorsa
1116 1477 1141 1508 1.
1167 1493 1211 1499 -
1241 1478 1296 1513 51,
1314 1477 1346 1508 6.
1372 1477 1408 1508 in

90 1538 177 1570 pace
202 1532 235 1559 et
256 1536 321 1567 per
345 1523 507 1566 indutias]
544 1529 577 1556 et
601 1526 634 1555 in
656 1534 743 1565 pace
776 1528 808 1556 et
829 1533 895 1564 per
920 1523 1067 1554 indutias
1092 1522 1115 1554 Ι.
1164 1520 1237 1553 Nisi
1268 1521 1408 1563 planum

91 1572 216 1604 factum
242 1570 353 1608 fuerit,
380 1569 502 1609 quibus
528 1569 561 1599 in
586 1568 686 1600 rebus
712 1574 743 1599 et
767 1568 889 1608 quibus
915 1567 1100 1602 rationibus
1126 1566 1307 1608 perductus
1326 1563 1407 1597 Sall.

92 1618 134 1649 ab
160 1625 240 1648 suae
265 1614 383 1647 aetatis
409 1614 584 1655 diligentia
610 1620 642 1644 et
666 1612 832 1654 elegantia
857 1611 1042 1648 deflexerit,
1069 1621 1108 1643 ea
1132 1609 1307 1642 retinenda
1329 1619 1409 1642 cen·

94 1672 164 1697 seo,
191 1670 277 1701 quae
301 1659 342 1691 ab
362 1659 457 1691 libris
481 1657 651 1690 nonnullis
677 1657 805 1697 aliquid
827 1656 1129 1688 commendationis
1146 1655 1290 1687 habeant
1308 1653 1411 1687 simul

95 1715 127 1738 et
150 1705 402 1747 diligentiorum
427 1702 618 1743 aequalium
643 1702 720 1733 usui
744 1709 845 1742 atque
869 1701 1104 1733 consuetudini
1129 1700 1344 1732 conveniant.
1370 1715 1410 1723 —

95 1752 150 1788 50,
171 1751 222 1782 15.
249 1748 332 1781 Cum
357 1755 425 1780 tam
449 1747 552 1779 multa
578 1746 733 1788 exempla
757 1746 907 1778 brevium
933 1745 1138 1786 syllabarum
1163 1746 1195 1776 in
1213 1744 1237 1775 P
1264 1744 1410 1776 omissa-

95 1804 169 1827 rum
195 1800 325 1831 extent,
363 1802 443 1834 ergo
474 1791 606 1824 relicuis
639 1791 788 1823 eiusdem
820 1791 954 1833 generis
985 1790 1076 1822 libris
1107 1790 1141 1821 iu
1172 1789 1295 1821 talibus
1326 1787 1410 1820 fides

97 1849 165 1871 non
192 1839 301 1871 omnis
327 1837 526 1878 deneganda
551 1837 606 1877 sit,
644 1843 755 1867 utrum
784 1838 918 1868 saevior
942 1845 984 1866 an
1008 1835 1158 1867 severior·
1182 1843 1297 1865 verum
1322 1832 1412 1865 iudi-

97 1894 168 1916 cem
193 1883 303 1915 ndhuc
327 1882 454 1914 dubito.
480 1898 523 1904 —
548 1882 601 1917 51,
621 1882 674 1914 19.
699 1882 766 1913 sint
790 1882 822 1912 in
848 1881 948 1912 armis
973 1889 1000 1911 c.
1018 1877 1058 1920 L]
1086 1881 1120 1910 in
1145 1879 1247 1910 armis
1270 1879 1349 1910 sine.
1367 1893 1412 1901 —

97 1930 153 1966 51,
170 1929 224 1959 22.
249 1929 283 1959 in
307 1928 506 1959 sententiam
530 1935 558 1960 c.
574 1924 614 1967 Ι.]
640 1927 675 1957 in
690 1926 868 1957 sententia.
886 1942 930 1947 —
954 1925 1008 1961 51,
1023 1925 1078 1957 27.
1097 1923 1230 1955 Scilicet
1247 1923 1289 1954 de
1305 1918 1409 1964 coni]

98 1973 123 2005 l.
149 1974 221 2005 sed.
238 1989 281 1994 —
306 1973 360 2012 51,
376 1973 429 2004 39.
455 1969 672 2008 Sententiam,
699 1980 799 2010 quam
817 1970 859 2001 de
875 1970 985 2000 verbis
1005 1968 1170 2001 Graeciae
1194 1977 1316 2000 morem
1339 1967 1410 1999 imi-

100 2018 163 2051 tati
187 2016 276 2055 dixi,
310 2026 382 2048 eam
408 2022 443 2047 ut
468 2015 628 2052 abiciam,
666 2015 814 2046 nondum
847 2013 957 2056 planis
989 2013 1196 2055 argumentis
1229 2011 1412 2054 perductus

100 2072 187 2094 sum.
212 2079 254 2084 —
281 2063 333 2099 51,
350 2062 405 2093 43.
432 2071 494 2092 neu
519 2061 591 2102 quis
616 2057 701 2101 c.1.]
728 2070 768 2091 ne
793 2059 878 2101 quis.
903 2075 945 2081 —
971 2059 1025 2094 52,
1043 2060 1076 2091 2.
1103 2057 1219 2098 Lonye
1243 2056 1320 2088 milti
1343 2056 1414 2088 alia

100 2117 190 2139 mens
215 2111 265 2139 est
290 2104 375 2146 c.1.]
401 2107 495 2145 lonae
521 2106 589 2137 αΙίιι
613 2105 691 2135 milti
713 2114 803 2136 mens
827 2107 888 2135 est.
914 2120 957 2125 —
982 2104 1036 2139 52,
1055 2104 1108 2134 20.
1133 2102 1164 2134 si
1179 2103 1227 2132 ita
1250 2110 1307 2133 res
1324 2102 1415 2133 esset

100 2148 189 2194 c.1.]
223 2152 253 2182 si
282 2152 330 2182 ita
354 2155 455 2182 esset.
492 2166 534 2171 —
571 2150 624 2185 52,
651 2150 704 2181 25.
736 2148 956 2190 deprehensis
981 2157 1009 2178 e.
1036 2144 1078 2189 Ι.]
1112 2145 1346 2187 adprehensis.
1370 2160 1414 2168 —

101 2197 155 2236 52,
175 2197 229 2227 27.
255 2199 430 2228 convertat
460 2194 531 2235 (ed.
553 2193 652 2232 1864)
679 2191 717 2234 Ι.]
750 2197 933 2226 convortet.
958 2208 1001 2214 —
1034 2192 1088 2230 52,
1107 2192 1160 2223 30.
1190 2189 1227 2222 Τ.
1246 2186 1412 2232 Manlius]

101 2241 146 2272 A.
163 2240 324 2272 Manlius.
367 2239 452 2270 Malo
480 2238 623 2270 librariis
649 2247 749 2277 quam
768 2236 927 2269 Sallustio
954 2236 1074 2268 erroris
1100 2242 1157 2267 aut
1182 2233 1416 2277 neglegentiae
