1537 2512
279 95 333 121 DE
364 95 498 121 unm-0
530 94 793 122 1vGVR'rn1No
828 94 862 122 c.
895 91 948 124 εὖ.
977 91 1032 124 90.
1067 91 1121 125 91.
1301 86 1353 124 93

169 193 260 233 Erat
279 194 378 233 inter
400 193 564 244 ingentis
583 191 805 231 solitudines
828 193 1009 243 oppidum
1038 205 1218 243 magnum
1240 200 1352 246 atque
1368 203 1386 233 4

57 249 206 294 valens,
234 250 388 288 nomine
414 248 553 299 Capsa,
584 249 692 287 cuius
723 248 897 286 conditor
919 248 1103 288 Hercules
1125 246 1242 288 Libus
1272 262 1352 289 me-

57 304 293 344 morabatur.
332 304 423 343 Eius
445 304 548 342 cives
567 303 667 353 apud
694 303 918 352 Iugurtham
940 305 1128 349 inmunes,
1150 303 1351 356 leviimpe-

0 396 4 399 .
59 362 116 399 rio
169 365 206 399 et
226 359 274 398 ob
299 372 342 399 ea
363 359 585 398 fidelissumi
605 357 861 404 habebantur,
891 360 1025 397 muniti
1056 360 1262 399 advorsum
1283 361 1351 399 ho-

29 417 123 456 sstis
151 427 229 455 non
249 415 452 454 moenibus
473 415 587 454 modo
611 419 647 453 et
667 416 783 453 arinis
807 420 920 465 atque
947 416 1057 460 viris,
1086 428 1217 454 verum
1239 417 1351 455 etiam

56 470 175 510 multo
197 471 319 520 magis
339 470 515 509 locorum
535 471 749 521 asperitate.
805 469 899 508 Nam
921 475 1075 520 praeter
1096 471 1236 521 oppido
1261 483 1352 522 pro·
1368 480 1387 511 5

55 527 197 577 pinqua
216 525 287 565 alia
313 526 439 564 omnia
463 530 578 570 vasta,
608 524 762 569 inculta,
784 526 932 574 egentia
953 537 1086 577 aquae,
1114 527 1248 565 infesta
1271 538 1351 566 ser-

54 581 256 632 pentibus,
288 592 451 632 quarum
481 582 555 626 vis,
585 582 695 619 sicuti
725 581 895 619 omnium
925 581 1094 620 ferarum
1125 583 1252 632 inopia
1277 581 1352 620 cibi

55 637 194 681 acrior,
214 636 260 675 ad
276 635 351 675 hoc
367 635 523 688 [natura
539 637 788 686 serpentium,
811 636 891 685 ipsa
912 635 1138 688 pernitiosa]
1155 638 1214 676 siti
1231 638 1351 687 magis

9 705 42 732 ιο
56 703 170 743 quam
196 691 266 730 alia
297 703 341 730 re
371 691 609 730 adcenditur.
669 691 758 730 Eius
787 692 960 741 potiundi
986 691 1147 730 Marium
1173 698 1386 731 maxtunass

54 746 194 797 cupido
224 748 432 791 invaserat,
465 759 552 785 cum
579 751 739 796 propter
769 758 881 785 usum
912 746 1020 790 belli,
1062 751 1142 785 tum
1172 748 1258 798 quia
1287 759 1351 786 res

53 813 190 853 aspera
209 801 410 841 videbatur
431 807 467 840 et
486 801 659 841 Metellus
680 801 864 852 oppidum
887 801 1045 840 Thalam
1067 813 1205 852 magna
1229 801 1350 852 gloria

54 862 221 908 ceperat,
241 856 334 896 haut
353 856 584 896 dissimiliter
601 858 714 896 situm
732 857 1010 908 munitumque,
1033 858 1104 896 nisi
1125 857 1226 909 quod
1249 857 1349 907 apud

52 911 212 952 Thalam
231 923 308 951 non
329 911 443 963 longe
464 924 485 950 a
506 913 708 952 moenibus
730 912 873 962 aliquot
893 912 1017 951 sontes
1039 918 1161 957 erant,
1185 912 1348 962 Capsen-

8 979 115 1010 isses
149 979 225 1007 una
261 967 375 1006 modo
414 972 529 1018 atque
556 979 600 1006 ea
630 969 728 1006 intra
760 967 943 1017 oppidum
975 968 1052 1017 iugi
1083 980 1193 1018 aqua,
1223 973 1349 1007 cetera

53 1023 180 1074 pluvia
201 1023 421 1062 utebantur.
461 1023 503 1062 ld
525 1022 653 1074 ibique
685 1028 721 1062 et
752 1024 789 1061 in
818 1023 921 1061 omni
945 1022 1084 1067 Africa,
1109 1035 1182 1074 qua
1212 1022 1380 1073 procul7

53 1090 74 1118 a
95 1079 191 1117 mari
212 1078 392 1117 incultius
412 1078 610 1128 agebatur,
644 1090 689 1117 co
720 1077 867 1117 facilius
890 1077 1137 1122 tolerabatur,
1165 1080 1252 1129 quia
1273 1078 1350 1117 Nu·

52 1133 179 1173 midae
198 1133 426 1185 plerumque
443 1133 540 1173 lacte
561 1138 598 1172 et
618 1134 737 1173 serina
762 1145 878 1173 carne
894 1133 1147 1173 vescebantur
1169 1139 1205 1172 et
1226 1145 1351 1183 neque

51 1189 170 1228 salem
192 1201 317 1240 neque
339 1189 410 1228 aha
432 1190 673 1228 inritamenta
696 1189 807 1238 gulae
826 1188 1082 1240 quaerebant:
1135 1188 1245 1228 cibus
1275 1187 1381 1226 illis8

5 1259 39 1286 zo
53 1244 240 1284 advorsus
266 1245 407 1284 famem
437 1249 550 1295 atque
581 1245 693 1289 sitim,
725 1256 801 1282 non
827 1244 987 1284 lubidini
1016 1256 1143 1295 neque
1175 1244 1349 1282 luxuriae

51 1306 146 1340 erat.
194 1301 314 1350 Igitur
336 1299 469 1339 consul
496 1300 675 1339 omnibus
699 1300 923 1350 exploratis,
954 1301 1070 1340 credo
1099 1301 1180 1339 deis
1215 1299 1346 1342 fretus,
1364 1293 1415 1332 90

54 1378 101 1384 -
133 1367 220 1394 nam
252 1361 385 1394 contra
413 1360 537 1394 tantas
565 1355 807 1394 difficultates
837 1356 994 1394 consilio
1026 1357 1116 1394 satis
1147 1354 1350 1405 providere

51 1423 127 1450 non
144 1416 313 1461 poterat:
336 1411 477 1461 quippe
498 1412 611 1449 etiam
628 1411 809 1449 frumenti
827 1411 952 1461 inopia
974 1410 1245 1460 temptabatur,
1263 1410 1349 1460 quia

51 1465 239 1506 Numidae
261 1465 403 1516 pabulo
427 1467 579 1515 pecoris
600 1467 720 1516 magis
744 1478 859 1516 quam
881 1478 972 1505 arvo
993 1466 1146 1505 student
1173 1470 1208 1504 et
1229 1464 1349 1516 quod-

4 1533 217 1573 ucumque
244 1526 375 1560 natum
406 1521 529 1561 suerat
556 1523 659 1560 iussu
687 1522 789 1571 regis
824 1522 862 1560 in
893 1521 975 1560 loca
1004 1522 1147 1560 munita
1179 1519 1349 1559 contule-

51 1581 156 1621 rant,
189 1587 281 1627 ager
311 1581 437 1616 autem
468 1577 598 1616 aridus
625 1581 662 1615 et
689 1576 844 1626 frugum
869 1589 1007 1615 vacuos
1030 1588 1073 1615 ea
1100 1580 1347 1626 tempestate:

51 1644 141 1671 nam
162 1633 315 1672 aestatis
345 1637 559 1671 extremum
592 1636 674 1671 erat
707 1654 752 1660 ——
782 1637 909 1671 tamen
939 1644 1009 1682 pro
1039 1632 1096 1670 rei
1124 1632 1232 1681 copia
1259 1631 1349 1669 satis

50 1687 298 1738 providenter
321 1692 500 1726 exornat:
524 1699 642 1738 pecus
665 1699 790 1731 omne,
809 1687 910 1738 quod
928 1686 1194 1737 superioribus
1214 1685 1349 1725 diebus
1364 1690 1383 1720 2

51 1743 218 1793 praedae
246 1743 382 1787 suerat,
416 1743 607 1793 equitibus
633 1741 837 1781 auxiliariis
866 1743 1057 1792 agundum
1084 1741 1277 1784 adtribuit,
1306 1741 1347 1778 Α.

4 1798 232 1838 aoManlium
268 1798 436 1848 legatum
474 1811 560 1838 cum
601 1797 825 1836 cohortibus
857 1798 1041 1847 expeditis
1085 1797 1131 1836 ad
1166 1796 1349 1847 oppidum

49 1853 178 1898 Laris,
216 1852 282 1892 ubi
308 1854 540 1905 stipendium
573 1858 610 1892 et
633 1856 875 1891 conmeatum
903 1852 1115 1897 locaverat,
1145 1853 1201 1890 ire
1230 1850 1348 1895 iubet,

51 1909 218 1960 dicitque
235 1920 276 1947 se
292 1908 611 1959 praedabundum
627 1913 714 1958 post
728 1919 871 1958 paucos
885 1908 964 1946 dies
977 1907 1114 1947 eodem
1130 1911 1346 1946 venturum.

50 1964 113 2004 Sic
130 1965 282 2014 incepto
304 1975 373 2002 suo
394 1963 582 2003 occultato
598 1963 723 2014 pergit
740 1962 786 2001 ad
804 1962 946 2001 ssumen
962 1963 1119 2002 Tanain.
1170 1961 1347 2001 Ceterum
1365 1961 1409 2001 91

51 2021 89 2059 in
119 2020 255 2058 itinere
286 2019 424 2058 cotidie
452 2030 572 2069 pecus
594 2018 779 2058 exercitui
804 2030 873 2069 per
904 2019 1114 2062 centurias,
1147 2019 1237 2058 item
1268 2021 1348 2055 tur-

4 2086 134 2116 ssmas
165 2073 375 2125 aequaliter
407 2074 674 2118 distribuerat,
708 2079 745 2113 et
776 2085 822 2112 ex
865 2075 978 2113 coriis
1000 2078 1107 2113 utres
1136 2073 1191 2113 uti
1213 2072 1350 2112 fierent

52 2129 230 2169 curabat:
262 2129 374 2168 simul
400 2131 567 2180 inopiam
594 2129 776 2168 frumenti
799 2128 921 2169 lenire
945 2135 981 2169 et
1007 2131 1150 2180 ignaris
1171 2127 1350 2166 omnihus

51 2197 213 2236 parare,
239 2197 336 2236 quae
361 2197 448 2224 mox
475 2197 547 2225 usu
574 2184 719 2224 forent:
752 2183 916 2235 denique
943 2190 1050 2225 sexto
1078 2185 1157 2229 die,
1185 2195 1273 2222 cum
1303 2183 1349 2221 ad

53 2240 196 2280 numen
228 2245 382 2280 ventum
413 2246 488 2286 est,
511 2252 687 2279 maxuma
708 2240 762 2278 vis
785 2242 928 2280 utrium
950 2241 1096 2282 effecta.
1142 2240 1197 2280 lbi
1217 2239 1351 2277 castris
1366 2244 1383 2273 '2
