1537 2512
104 86 164 128 38
342 99 399 125 DE
425 98 562 125 nmmo
592 97 858 125 wovss'rnmo
893 97 929 124 c.
954 93 988 124 2.
1025 93 1056 126 3.
1088 96 1120 126 4.

109 197 309 250 praeclara
339 197 475 241 facies,
507 207 670 246 magnae
700 196 869 240 divitiae,
902 195 948 234 ad
978 195 1054 234 hoc
1091 196 1144 234 vis
1174 196 1350 246 corporis
1379 200 1417 235 et
1468 239 1477 242 ,

109 254 182 294 alia
201 255 328 292 omnia
348 253 510 292 huiusce
539 252 643 291 modi
664 251 772 291 brevi
794 251 1028 294 dilabuntur,
1053 255 1090 289 at
1113 251 1241 300 ingeni
1262 251 1416 300 egregia

74 310 282 352 atacinora
312 309 424 348 sicuti
452 309 577 346 anima
608 305 823 346 inmortalia
852 312 952 345 sunt.
1009 306 1209 345 Postremo
1240 307 1417 357 corporis

111 372 148 405 et
178 365 355 404 fortunae
376 364 568 403 bonorum
591 368 632 402 ut
652 364 801 402 'mitium
822 363 875 401 sic
900 363 984 400 finis
1009 367 1077 405 est,
1105 362 1310 412 omniaque
1332 366 1416 399 orta

111 420 291 460 occidunt
314 425 351 460 et
370 424 481 459 aucta
505 423 728 458 senescunt:
760 419 920 462 animus,
945 419 1200 467 incouruptus
1221 422 1413 461 aeternus,
1430 436 1446 460 5

112 481 242 516 rector
270 476 431 515 humani
461 475 615 524 generis
645 475 723 523 agit
752 478 865 524 atque
886 472 1005 512 hahet
1025 477 1161 511 cuncta
1187 484 1313 523 neque
1337 473 1419 523 ipse

77 531 291 572 4habetur.
338 532 422 577 Quo
443 531 565 579 magis
584 530 750 580 pravitas
773 540 907 568 eorum
930 528 1152 567 admiranda
1175 533 1242 572 est,
1269 529 1335 578 qui
1354 527 1420 566 de-

113 589 182 627 diti
204 588 381 638 corporis
404 586 554 636 gaudiis
573 597 643 635 per
667 584 800 623 luxum
822 590 858 623 et
879 585 1063 634 ignaviam
1095 588 1258 622 aetatem
1288 587 1419 632 agunt,

115 648 288 683 ceterum
318 643 528 692 ingenium,
560 652 636 691 quo
661 652 787 691 neque
815 639 951 678 melius
975 651 1102 690 neque
1127 638 1290 689 amphus
1319 637 1421 677 aliud

113 701 153 739 in
181 704 319 737 natura
341 697 561 737 mortalium
585 701 660 741 est,
692 694 839 734 incultu
860 701 973 745 atque
1001 695 1175 733 socordia
1199 700 1422 744 torpescere
1436 710 1469 736 ιο

114 756 263 799 sinunt,
305 766 393 793 cum
422 753 652 804 praesertim
682 756 761 790 tam
796 750 938 790 multae
971 751 1176 801 variaeque
1214 751 1289 788 sint
1322 755 1424 788 artes

117 811 253 854 animi,
288 809 428 861 quibus
453 820 602 847 summa
630 807 817 846 claritudo
838 812 1008 856 paratur.

76 864 99 904 3
229 865 373 904 Verum
399 877 445 904 ex
476 865 530 903 eis
558 864 804 913 magistratus
825 867 862 901 et
889 861 1060 911 imperia,
1084 867 1280 911 postremo
1301 861 1425 899 omnis

118 934 213 962 eura
232 933 367 961 rerum
396 919 642 970 publicarum
665 919 835 956 minume
857 917 949 955 mihi
976 917 1048 955 hac
1068 921 1295 967 tempestate
1317 916 1423 965 cupi-

114 977 220 1015 unda
236 976 426 1020 videntur,
437 975 621 1026 quoniam
634 987 761 1026 neque
779 975 910 1014 virtuti
923 975 1048 1013 honos
1061 973 1187 1016 datur,
1207 985 1334 1023 neque
1350 972 1420 1017 illi,
1435 985 1469 1013 ιι

115 1032 258 1083 quibus
272 1044 343 1083 per
359 1031 537 1071 fraudem
552 1030 612 1069 vel
630 1032 665 1068 vi
681 1031 766 1076 fuit,
783 1031 856 1070 tuti
873 1036 939 1069 aut
953 1042 997 1069 eo
1014 1030 1136 1080 magis
1148 1029 1304 1068 honesti
1319 1034 1422 1068 sunt.

76 1099 96 1130 2
111 1089 208 1128 Nam
233 1090 268 1127 vi
290 1089 446 1140 quidem
468 1099 606 1138 regere
630 1090 792 1139 patriam
817 1094 882 1127 aut
909 1090 1092 1140 parentis,
1127 1101 1361 1141 quamquam
1385 1097 1421 1129 et

111 1146 236 1195 possis
253 1149 290 1183 et
311 1144 448 1184 delicta
471 1145 660 1193 conrigas,
687 1149 815 1183 tamen
835 1145 1087 1194 inportunum
1110 1150 1178 1189 est,
1203 1157 1291 1184 cum
1307 1157 1420 1196 prae-

111 1201 245 1239 sertim
267 1212 401 1239 omnes
424 1211 558 1240 rerum
580 1200 810 1239 mutationes
833 1199 991 1239 caedem
1013 1199 1142 1249 fugam
1175 1200 1324 1251 aliaque
1350 1201 1420 1239 ho·

76 1264 99 1298 3
112 1255 209 1295 stilia
227 1256 473 1306 portendant:
492 1254 633 1294 frustra
656 1260 782 1294 autem
805 1256 872 1293 niti
891 1267 1017 1306 neque
1040 1256 1142 1294 aliud
1163 1268 1203 1295 se
1224 1256 1420 1306 fatigando
1434 1273 1468 1299 20

73 1323 96 1354 4
112 1312 185 1350 nisi
201 1311 331 1351 odium
350 1322 540 1362 quaerere
558 1317 751 1350 extremae
768 1310 983 1350 dementiae
1001 1309 1170 1354 est.'‘Nisi
1191 1311 1288 1351 forte
1305 1323 1422 1363 quem

113 1367 317 1407 inhonesta
340 1371 377 1406 et
397 1367 606 1417 pernitiosa
624 1365 755 1405 lubido
774 1371 878 1406 tenet
899 1367 1091 1417 potentiae
1111 1379 1327 1418 paucorum
1355 1367 1421 1407 de-

114 1435 183 1462 cus
212 1427 327 1473 atque
351 1421 570 1462 libertatem
600 1433 708 1461 suam
740 1422 958 1471 gratificari.

75 1479 99 1517 4
227 1478 409 1518 Ceterum
440 1491 486 1517 ex
509 1477 591 1516 aliis
611 1479 785 1527 negotiis,
819 1490 916 1528 quae
941 1479 1094 1529 ingenio
1116 1483 1360 1523 exercentur,
1383 1479 1421 1517 in

79 1546 100 1577 2
115 1535 249 1585 primis
272 1545 411 1583 magno
432 1534 518 1573 usui
540 1538 597 1572 est
617 1534 802 1572 memoria
822 1545 955 1572 rerum
982 1540 1190 1583 gestarum.
1238 1533 1354 1573 Cuius
1375 1534 1421 1573 de
1435 1552 1467 1578 25

117 1591 255 1629 virtute
287 1591 374 1640 quia
407 1588 516 1627 multi
547 1590 698 1632 dixere,
732 1590 1058 1638 praetereundum
1089 1595 1202 1640 puto,
1230 1589 1344 1629 simul
1374 1601 1422 1629 ne

115 1657 187 1696 per
217 1645 459 1684 insolentiam
487 1646 571 1696 quis
593 1645 796 1683 existumet
821 1650 962 1683 memet
991 1646 1159 1684 studium
1184 1657 1313 1685 meum
1341 1644 1422 1685 lau-

84 1701 247 1741 3dando
277 1700 472 1740 extollere.
534 1701 660 1750 Atque
689 1710 759 1749 ego
783 1700 898 1739 credo
929 1701 1013 1740 sore
1041 1702 1122 1752 qui,
1153 1703 1241 1752 quia
1271 1701 1423 1740 decrevi

115 1757 253 1808 procul
277 1769 297 1795 a
314 1769 357 1796 re
372 1755 526 1807 publica
549 1760 711 1795 aetatem
738 1766 866 1805 agere,
892 1761 996 1794 tanto
1018 1761 1174 1807 tamque
1198 1756 1278 1795 utili
1299 1756 1423 1796 labori

116 1825 204 1853 meo
230 1824 372 1852 nomen
394 1813 552 1851 inertiae
574 1813 778 1862 inponant,
802 1816 906 1850 certe
932 1811 1071 1862 quihus
1103 1824 1282 1852 maxuma
1310 1812 1468 1855 indu-³0

117 1870 209 1908 stria
234 1869 384 1907 videtur
411 1867 576 1906 salutare
598 1866 750 1917 plebem
773 1872 808 1906 et
833 1868 1012 1906 conviviis
1034 1869 1197 1917 gratiam
1219 1879 1421 1918 quaerere.

80 1933 99 1963 4
117 1924 189 1970 Οιιί
215 1925 245 1962 si
275 1924 557 1974 reputaverint,
590 1928 625 1961 et
648 1922 788 1973 quibus
818 1934 888 1972 ego
915 1923 1156 1974 temporibus
1177 1924 1423 1973 magistratus

117 1979 279 2030 adeptus
301 1991 385 2018 sum
407 1978 539 2030 quales
563 1979 630 2017 viri
654 1978 754 2017 idem
777 1978 934 2029 adsequi
955 1980 1208 2030 nequiverint,
1231 1984 1267 2017 et
1288 1984 1421 2032 postea

118 2048 216 2087 quae
254 2047 396 2086 genera
426 2035 626 2074 hominum
666 2036 704 2073 in
735 2039 910 2073 senatum
940 2036 1205 2085 pervenerint,
1244 2033 1419 2084 profecto

117 2090 405 2130 existumabunt
422 2102 482 2129 me
503 2092 624 2140 magis
645 2091 783 2129 merito
805 2102 920 2140 quam
938 2091 1083 2140 ignavia
1106 2090 1288 2129 iudicium
1305 2091 1420 2129 animi
1435 2108 1467 2135 35

118 2147 193 2186 mei
216 2147 420 2185 mutavisse
447 2147 646 2197 maiusque
670 2145 915 2184 commodum
942 2158 987 2184 ex
1018 2147 1094 2185 otio
1119 2157 1204 2185 meo
1228 2157 1344 2196 quam
1374 2158 1421 2185 ex

83 2210 105 2243 5
119 2201 281 2241 aliorum
299 2202 462 2251 negotiis
477 2203 532 2241 rei
551 2201 727 2251 publicae
742 2207 958 2240 venturum.
978 2201 1073 2240 Nam
1089 2213 1203 2251 saepe
1214 2211 1286 2251 ego
1296 2201 1422 2240 audivi

118 2256 163 2303 Q.
181 2257 414 2301 Maxumum,
435 2257 476 2295 P.
497 2257 727 2307 Scipionem.
747 2263 946 2307 praeterea
965 2258 1121 2296 civitatis
1136 2261 1290 2296 nostrae
1306 2268 1420 2308 prae·
