1537 2512
121 69 170 109 10
315 81 370 107 m:
399 81 626 108 cA‘rmmAE
659 80 979 109 comvna'rmm:
1013 80 1048 108 c.
1078 77 1134 112 19.
1161 75 1218 110 20.

116 179 291 219 nondum
319 180 541 231 frequentes
564 179 701 217 armati
731 184 1009 224 convenerant,
1042 190 1086 218 ea
1118 191 1182 218 res
1213 179 1414 220 eonsilium

55 237 101 276 19
119 236 282 275 diremit.
302 235 441 274 Postea
470 234 558 273 Piso
586 235 626 272 in
647 234 866 273 citeriorem
890 235 1114 284 Hispaniam
1137 240 1318 286 quaestor
1341 247 1414 286 pro

115 295 295 342 praetore
320 291 459 329 missus
487 294 544 328 est
592 289 785 328 adnitente
806 289 963 334 Crasso,
998 289 1101 341 quod
1123 301 1212 328 eum
1234 290 1414 330 infestum

80 347 314 386 2inimicum
343 346 414 384 Gn.
435 345 620 395 Pompeio
647 350 890 395 cognoverat.
939 344 1074 396 Neque
1101 349 1231 384 tamen
1260 350 1415 385 senatus

116 402 353 452 provinciam
373 401 512 439 invitus
542 401 720 440 dederat:
751 401 892 451 quippe
921 400 1078 439 foedum
1106 400 1302 439 hominem
1325 412 1346 439 a
1369 413 1439 441 re:—

115 456 270 508 publica
285 455 422 507 procul
440 467 523 495 esse
542 455 710 494 volebat:
732 455 845 494 simul
861 456 948 506 quia
965 455 1057 494 boni
1078 455 1284 505 conplures
1302 468 1414 506 prae-

116 513 256 551 sidium
285 513 324 550 in
354 523 399 550 eo
429 511 628 561 putabant,
653 515 691 550 et
710 511 786 549 iam
808 517 889 549 tum
912 512 1082 561 potentia
1102 510 1262 561 Pompei
1282 511 1414 550 formi-

79 573 100 606 -3
117 567 251 606 dulosa
269 571 363 606 erat.
406 565 472 605 Set
493 567 524 605 is
545 566 632 605 Piso
653 567 692 604 in
711 567 909 615 provincia
933 566 980 604 ab
1011 565 1203 617 equitibus
1223 565 1413 617 Hispanis,

78 636 98 666 4
116 634 212 674 quos
234 623 316 661 sine
341 622 512 660 exercitu
533 621 715 660 ductabat
743 621 816 659 iter
841 621 997 665 faciens,
1029 622 1180 660 occisus
1206 625 1274 660 est.
1319 622 1416 660 Sunt

116 678 181 729 qui
206 679 257 716 ita
288 677 434 721 dicant,
453 676 615 727 imperia
646 677 728 715 eius
757 676 896 715 iniusta
925 675 1094 726 superba
1124 676 1294 715 crudelia
1324 676 1460 715 bar-te

79 736 101 769 5
115 732 230 772 baros
249 733 467 784 nequivisse
487 733 584 782 pati,
618 730 680 770 alii
706 735 834 770 autem
856 732 1003 782 equites
1024 731 1127 776 illos,
1155 731 1226 770 Gn.
1255 731 1413 782 Pompei

117 794 267 828 veteres
291 788 466 838 fidosque
491 787 650 831 clientis
671 786 864 826 voluntate
885 788 967 826 eius
988 786 1168 825 Pisonem
1187 787 1412 836 adgressos:

113 855 326 896 numquam
341 842 529 893 Hispanos
543 847 744 893 praeterea
763 841 838 880 tale
854 842 1002 881 facinus
1017 842 1166 887 fecisse,
1180 847 1238 881 set
1251 843 1413 894 imperia

115 911 225 938 saeva
254 898 374 938 multa
400 902 511 937 antea
535 908 751 949 perpessos.
811 897 889 936 Nos
914 909 998 936 eam
1016 909 1104 936 rem
1131 899 1171 936 in
1194 897 1320 937 medio
1350 909 1412 937 re-

77 954 344 1006 filinquemus.
401 953 457 993 De
482 954 684 1004 superiore
714 953 980 992 coniuratione
1008 955 1099 992 satis
1129 953 1287 992 dictum.
1429 965 1459 991 15

48 1016 99 1056 20
228 1008 398 1053 Catilina,
420 1007 487 1048 ubi
502 1020 580 1053 eos,
604 1019 700 1059 quos
715 1008 829 1059 paulo
847 1012 934 1047 ante
947 1009 1169 1052 memoravi,
1190 1009 1414 1047 convenisse

111 1065 233 1110 videt,
258 1064 410 1104 tametsi
439 1075 528 1103 cum
554 1063 714 1113 singulis
742 1063 861 1102 multa
890 1075 1006 1114 saepe
1036 1068 1186 1114 egerat,
1217 1069 1347 1102 tamen
1376 1064 1416 1102 in

112 1132 197 1159 rem
227 1120 311 1160 fore
341 1119 505 1159 credens
531 1120 734 1158 univorsos
755 1118 950 1169 adpellare
982 1124 1020 1158 et
1041 1119 1257 1163 cohortari,
1287 1120 1325 1158 in
1348 1117 1415 1158 ab·

114 1176 231 1215 ditam
269 1180 419 1226 partem
455 1174 608 1213 aedium
646 1174 790 1213 secedit
819 1180 933 1226 atque
964 1174 1017 1213 ibi
1052 1174 1231 1213 omnibus
1261 1173 1416 1213 arbitris

113 1230 253 1281 procul
274 1231 410 1270 amotis
432 1231 647 1269 orationem
668 1229 828 1269 huiusce
849 1230 953 1268 modi
972 1229 1129 1269 habuit:
1429 1242 1461 1270 πο

77 1295 98 1326 2
225 1286 301 1331 „Ni
320 1287 440 1325 virtus
461 1285 634 1336 fidesque
653 1289 782 1325 vostra
801 1290 971 1336 spectata
993 1285 1086 1324 mihi
1107 1285 1255 1330 forent,
1278 1287 1415 1337 nequi-

114 1354 229 1393 quam
250 1347 467 1395 opportuna
489 1353 554 1381 res
575 1340 797 1380 cecidisset:
829 1352 916 1391 spes
943 1351 1104 1390 magna,
1138 1341 1347 1380 dominatio
1376 1342 1415 1380 in

114 1397 292 1437 manibus
313 1396 457 1436 frustra
482 1396 661 1435 fuissent:
683 1407 810 1447 neque
835 1407 906 1446 ego
927 1408 998 1447 per
1018 1396 1208 1445 ignaviam
1230 1401 1296 1435 aut
1319 1407 1415 1435 vana

77 1454 266 1503 3ingenia
304 1453 450 1491 incerta
488 1463 559 1502 pro
592 1452 706 1490 certis
735 1456 943 1503 captarem.
1004 1451 1071 1490 Set
1099 1453 1187 1502 quia
1217 1451 1347 1491 multis
1377 1457 1414 1491 et

111 1509 261 1558 magnis
291 1507 583 1558 tempestatibus
615 1519 682 1545 vos
707 1508 870 1557 cognovi
900 1507 1010 1546 fortis
1038 1507 1214 1558 fidosque
1234 1507 1339 1551 mihi,
1369 1519 1415 1546 eo
1427 1517 1459 1544 2⁵

112 1565 263 1602 animus
285 1573 401 1602 ausus
419 1567 476 1601 est
495 1574 720 1601 maxumum
742 1569 855 1614 atque
875 1562 1169 1613 pulcerrumum
1187 1562 1337 1602 facinus
1357 1564 1415 1602 in-

114 1619 255 1669 cipere,
279 1617 391 1657 simul
409 1619 495 1669 quia
512 1617 620 1657 vohis
641 1617 775 1657 eadem
792 1630 890 1669 quae
907 1617 1001 1657 mihi
1016 1617 1117 1656 bona
1135 1617 1311 1670 malaque
1329 1629 1412 1657 esse

77 1680 98 1711 4
113 1673 292 1713 intellexi.
322 1673 419 1712 Nam
436 1673 536 1713 idem
552 1673 648 1712 velle
675 1679 787 1724 atque
809 1673 909 1712 idem
926 1672 1040 1716 nolle,
1065 1684 1108 1711 ea
1126 1672 1282 1712 demum
1298 1674 1406 1712 firma

114 1730 277 1768 amicitia
301 1735 368 1768 est.

78 1789 98 1820 5
224 1785 290 1824 Set
318 1797 387 1835 ego
409 1796 506 1835 quae
534 1790 663 1823 mente
684 1785 832 1834 agitari,
860 1795 993 1823 omnes
1018 1785 1093 1822 iam
1123 1789 1232 1823 antea
1269 1783 1412 1824 divorsi
1425 1796 1460 1823 30

79 1840 282 1882 caudistis.
330 1839 510 1878 Ceterum
536 1840 628 1878 mihi
657 1841 696 1878 in
727 1840 807 1879 dies
835 1840 956 1890 magis
988 1840 1138 1877 animus
1170 1839 1399 1879 adcenditur

113 1907 200 1934 cum
233 1895 455 1939 considero,
480 1907 577 1945 quae
607 1895 774 1934 conditio
795 1896 892 1934 vitae
914 1894 1043 1933 futura
1065 1895 1133 1938 sit,
1159 1895 1232 1933 nisi
1260 1900 1413 1934 nosmet

77 1952 182 2001 7ipsi
203 1951 440 1989 vindicamus
465 1951 502 1989 in
532 1949 762 1989 libertatem.
807 1950 903 1989 Nam
928 1954 1132 2001 postquam
1163 1961 1227 1989 res
1258 1949 1413 2000 publica

112 2007 151 2044 in
173 2018 386 2057 paucorum
413 2007 626 2057 potentium
650 2007 708 2044 ius
730 2011 843 2057 atque
867 2006 1057 2044 dicionem
1077 2006 1286 2048 concessit.
1312 2016 1413 2044 sem-

111 2073 182 2112 per
216 2061 286 2100 illis
315 2073 428 2112 reges
458 2061 676 2100 tetrarchae
707 2061 909 2110 vectigales
935 2072 1041 2103 esse,
1073 2059 1204 2111 populi
1236 2061 1458 2102 nationesas

112 2117 299 2167 stipendia
319 2117 512 2168 pendere:
534 2118 651 2155 ceteri
671 2128 804 2156 omnes
835 2117 983 2155 streuui
999 2115 1102 2160 boni,
1126 2115 1276 2154 nobiles
1296 2120 1412 2167 atque

112 2172 315 2221 ignobiles,
349 2171 482 2221 volgus
512 2171 651 2210 suimus
679 2173 760 2211 sine
789 2173 930 2222 gratia,
970 2172 1051 2209 sine
1079 2172 1325 2214 auctoritate,
1358 2172 1413 2210 eis

114 2227 281 2271 obnoxii.
313 2227 462 2278 quibus.
496 2228 525 2266 si
555 2227 790 2278 respublica
811 2227 966 2269 valeret,
999 2226 1198 2265 formidini
1224 2237 1412 2267 essemus,
