1537 2512
289 101 343 126 m:
374 100 507 127 annno
541 100 803 128 tvovnmmo
839 99 875 127 c.
906 94 962 129 28.
991 94 1048 129 29.
1075 95 1128 129 30.
1302 89 1353 127 55

58 203 95 237 et
115 197 247 237 habitu
266 210 384 248 supra
403 199 712 237 memoravimus.
754 198 850 238 Nam
873 199 911 237 in
928 197 1086 237 consule
1106 203 1240 236 nostro
1258 197 1355 237 mul·
1372 206 1392 237 5

57 259 118 292 tae
129 252 330 303 bonaeque
341 258 444 293 artes
461 259 498 293 et
515 255 632 293 animi
645 254 868 304 etcorporis
884 258 1007 297 erant,
1023 264 1117 303 quas
1132 255 1254 292 omnis
1270 264 1356 292 ava-

57 309 142 348 ritia
162 307 457 359 praepediebat:
478 309 625 358 patiens
645 308 835 353 laborum,
858 309 937 348 acri
958 309 1124 358 ingenio,
1162 310 1251 348 satis
1268 320 1356 359 pro-

58 364 202 409 videns,
233 363 324 403 belli
352 363 446 402 haut
476 365 644 414 ignarus,
673 364 928 403 firmissumus
959 368 1093 402 contra
1119 364 1291 414 pericula
1322 368 1358 402 et

29 419 225 458 ainsidias.
285 419 351 458 Set
379 419 551 468 legiones
576 431 647 470 per
668 419 813 458 hallam
835 419 998 469 Regium
1032 424 1146 470 atque
1187 420 1274 458 inde
1302 419 1393 457 Si-t5

59 474 195 520 citiam,
221 486 342 526 porro
367 486 413 513 ex
436 474 560 513 Sicilia
583 476 622 513 in
642 475 810 513 Africam
838 479 1087 514 transvectae.
1132 474 1253 525 Igitur
1275 473 1357 513 Cal-
1373 480 1391 510 7

57 530 222 580 purnius
240 530 346 568 initio
370 530 512 580 paratis
534 530 797 569 commeatibus
818 531 957 569 acriter
971 529 1189 570 Numidiam
1212 531 1359 581 ingres-

58 596 123 624 sus
145 590 202 624 est
220 585 439 636 multosque
461 585 633 624 mortalis
654 589 691 624 et
715 585 823 624 urbis
845 585 987 635 aliquot
1007 586 1215 635 pugnando
1246 586 1357 636 cepit.

60 640 127 680 Set
143 640 209 680 ubi
229 640 414 691 Iugurtha
429 652 500 691 per
519 640 666 690 legatos
681 642 843 691 pecunia
859 645 1047 690 temptare
1063 640 1242 692 bellique,
1258 640 1360 692 quod
1373 638 1445 688 29,

14 711 47 738 ιο
59 695 363 740 administrabat,
390 697 636 746 asperitatem
662 696 866 735 ostendere
889 697 1033 746 coepit,
1066 697 1216 735 animus
1245 706 1361 745 aeger

60 752 216 790 avaritia
239 751 350 790 facile
372 763 584 790 convorsus
614 756 681 790 est.
732 751 911 790 Ceterum
931 752 1057 790 socius
1079 757 1116 790 et
1141 751 1395 790 administer2

61 808 231 846 omnium
257 806 505 845 consiliorum
527 807 741 845 adsumitur
755 807 943 850 Scaurus,
963 807 1027 857 qui
1044 808 1193 845 tametsi
1215 819 1235 845 a
1258 807 1361 857 prin-

61 863 160 913 cipio
181 862 377 913 plerisque
408 874 454 901 ex
484 862 648 901 factione
671 863 751 901 eius
774 862 972 912 conruptis
1000 873 1203 901 acerrume
1230 873 1363 911 regem

61 918 353 968 inpugnaverat,
376 922 503 956 tamen
522 918 783 968 magnitudine
804 918 992 967 pecuniae
1017 929 1037 955 a
1058 917 1161 955 bono
1182 917 1362 957 honesto-

16 990 48 1016 ιε,
63 985 137 1024 que
158 974 197 1012 in
221 974 381 1023 pratiom
410 972 626 1012 abstractus
653 978 721 1012 est.
767 972 833 1012 Set
852 972 1038 1022 Iugurtha
1058 974 1184 1023 primo
1214 978 1363 1012 tantum
1377 979 1397 1012 3

63 1028 178 1067 modo
202 1028 293 1067 belli
315 1040 464 1068 moram
483 1028 718 1073 redimebat,
743 1029 976 1067 existumans
999 1039 1083 1067 sese
1106 1028 1247 1079 aliquid
1268 1030 1363 1067 intc-

63 1085 136 1123 rim
157 1083 303 1123 Romae
327 1085 451 1133 pretio
473 1089 539 1123 aut
559 1085 680 1134 gratia
703 1084 949 1122 effecturum:
981 1089 1115 1133 postea
1135 1096 1226 1123 vero
1250 1096 1364 1135 quani

62 1141 290 1191 participem
316 1140 445 1189 negoti
470 1139 661 1178 Scaurum
684 1140 842 1190 accepit,
863 1140 900 1177 in
921 1151 1139 1178 maxumam
1166 1151 1274 1190 spem
1298 1139 1364 1177 ad-

64 1196 203 1234 ductus
234 1195 526 1246 recuperandae
556 1196 683 1245 pacis,
725 1195 856 1233 statuit
893 1206 981 1233 cum
1017 1195 1070 1233 eis
1110 1195 1156 1234 de
1187 1195 1366 1233 omnibus

19 1264 51 1291 20
64 1250 308 1303 pactionibus
337 1262 522 1300 praesens
549 1261 676 1300 agere.
740 1249 919 1289 Ceterum
948 1250 1094 1289 interea
1123 1250 1211 1288 fidei
1253 1253 1401 1289 causa4

64 1308 228 1346 mittitur
258 1318 278 1345 a
309 1305 467 1345 consule
492 1306 643 1345 Sextius
675 1311 856 1357 quaestor
887 1306 925 1343 in
954 1305 1138 1355 oppidum
1159 1304 1367 1355 Iugurthae

66 1361 229 1412 Vagam:
271 1363 381 1400 cuius
416 1362 475 1400 rei
515 1362 664 1412 species
702 1367 786 1400 erat
815 1361 988 1410 acceptio
1023 1360 1226 1404 frumenti,
1266 1361 1368 1411 quod

68 1417 298 1467 Calpurnius
324 1416 451 1466 palam
479 1416 614 1466 legatis
645 1417 916 1466 imperaverat,
955 1417 1133 1465 quoniam
1167 1416 1368 1454 deditionis

67 1484 176 1512 mora
199 1472 375 1511 induciae
397 1471 652 1521 agitabantur.
697 1471 818 1521 Igitur
837 1483 926 1514 rex,
959 1472 1014 1508 uti
1041 1472 1303 1515 constituerat,
1328 1473 1366 1509 in
1384 1473 1405 1506 5

22 1543 56 1569 25
67 1532 193 1567 castra
219 1528 320 1566 venit
343 1539 388 1566 ac
415 1539 538 1577 pauca
567 1526 760 1577 praesenti
789 1525 946 1564 consilio
972 1524 1124 1565 locutus
1154 1526 1200 1565 de
1230 1527 1369 1565 invidia

69 1584 159 1622 facti
178 1583 237 1622 sui
268 1588 383 1633 atque
413 1583 466 1621 uti
497 1583 535 1621 in
563 1582 795 1621 deditionem
820 1582 1080 1631 acciperetur,
1113 1581 1259 1621 relicua
1281 1594 1370 1622 cum

69 1639 196 1678 Bestia
226 1642 263 1677 et
291 1638 438 1677 Scauro
469 1642 618 1677 secreta
647 1638 838 1687 transigit:
872 1637 959 1675 dein
991 1641 1147 1687 postero
1173 1639 1232 1677 die
1263 1640 1371 1689 quasi

69 1706 140 1745 per
169 1698 339 1733 saturam
375 1694 573 1733 sententiis
604 1693 798 1743 exquisitis
831 1694 866 1730 in
896 1692 1130 1732 deditionem
1169 1694 1366 1744 accipitur.

71 1750 158 1795 Set,
179 1750 234 1788 uti
254 1761 326 1800 pro
351 1748 509 1788 consilio
526 1750 761 1799 imperatum
777 1752 870 1793 erat,
894 1748 1085 1798 elephanti
1113 1750 1279 1799 triginta,
1303 1761 1369 1799 pe·
1384 1751 1406 1783 6

27 1820 59 1846 3ο
73 1817 140 1844 cus
163 1809 279 1855 atque
310 1806 399 1855 equi
426 1803 534 1844 multi
555 1817 642 1843 cum
663 1816 782 1854 parvo
812 1805 960 1853 argenti
980 1804 1153 1854 pondere
1177 1805 1372 1854 quaestori

72 1860 292 1899 traduntur.
357 1859 585 1910 Calpurnius
622 1859 784 1897 Romam
820 1860 866 1897 ad
902 1859 1147 1909 magistratus
1178 1860 1405 1908 rogandos7

73 1915 342 1966 proficiscitur.
379 1915 422 1953 In
437 1915 613 1954 Numidia
641 1919 678 1953 et
700 1915 871 1953 exercitu
892 1918 1023 1952 nostro
1043 1925 1115 1963 pax
1142 1914 1369 1964 agitabatur.

185 1969 393 2021 Postquam
420 1982 482 2009 res
510 1971 548 2008 in
574 1969 700 2009 Africa
727 1974 853 2019 gestas
874 1981 1027 2020 quoque
1051 1969 1165 2008 modo
1187 1976 1293 2009 actae
1316 1970 1371 2009 so·
1387 1967 1438 2006 30

75 2031 162 2067 rent
184 2025 284 2064 sama
315 2024 537 2075 divolgavit,
562 2025 707 2065 Romae
736 2036 806 2075 per
833 2026 956 2063 omnis
979 2023 1084 2064 locos
1106 2030 1144 2064 et
1164 2031 1372 2065 conventus

29 2096 62 2124 35
76 2082 124 2122 de
140 2081 242 2121 sacto
264 2080 432 2119 consulis
445 2082 593 2130 agitari.
625 2080 736 2130 Apud
757 2079 910 2130 plebem
932 2081 1058 2129 gravis
1074 2080 1224 2125 invidia,
1243 2086 1372 2131 patres

76 2137 226 2176 solliciti
255 2143 384 2175 erant:
413 2136 675 2187 probarentne
702 2141 847 2174 tantum
878 2135 1062 2186 flagitium
1093 2147 1140 2174 an
1173 2136 1372 2175 decretum

78 2192 245 2231 consulis
273 2191 547 2232 subvorterestt
575 2203 713 2243 parurn
744 2190 955 2229 constabat.
1014 2192 1068 2229 Ac
1096 2202 1274 2231 maxume
1306 2196 1405 2230 eos2

76 2248 245 2298 potentia
267 2246 413 2292 Scauri,
446 2247 546 2298 quod
574 2249 605 2287 is
629 2251 762 2286 auctor
789 2251 825 2285 et
847 2248 973 2285 socius
994 2246 1142 2287 Bestiae
1165 2247 1372 2288 terebatur.
