1512 2512
102 78 174 106 xlv
633 71 881 102 PRAEFATIO.

99 154 220 197 refingi
244 162 349 195 posse
371 151 529 184 arbitror:
555 165 598 173 —
621 159 700 187 sum,
724 149 836 190 pretio
863 146 972 190 [uncis
988 147 1054 180 hoc
1077 148 1213 180 inclusit
1229 147 1273 193 1.]
1299 151 1409 184 soluto

101 201 175 233 iure
200 199 359 234 dominus,
385 200 494 228 tamen
516 195 670 226 restituo.
696 209 737 216 ——
762 194 818 226 20.
847 194 934 231 Per,
966 192 1058 232 quod
1089 198 1187 224 antea
1216 194 1412 226 addundum

100 254 176 276 esse
205 242 397 284 suspicatus
429 249 536 279 eram,
574 248 662 270 nunc
690 237 815 275 delevi,
856 247 931 268 cum
962 237 1168 269 tolerabilem
1198 240 1411 277 sententiam,

103 293 239 329 recepto
264 296 307 317 ex
327 285 515 317 coniectura
533 288 664 325 captum
680 283 731 313 ire
748 281 835 313 effici
852 282 1040 313 arbitrarer.
1055 299 1096 304 —
1120 283 1175 314 21.
1200 281 1312 315 Scirto
1329 282 1412 325 c.1.]

103 332 234 365 Scirro.
259 348 302 353 —
340 330 396 362 24.
422 329 600 369 labefactis
624 337 651 359 c.
670 325 710 368 L]
732 327 927 368 patefactis.
1058 346 1060 349 -

191 373 260 409 01·-
277 371 387 407 Phil.
411 375 444 406 4.
470 373 510 406 ob
527 372 705 412 benefacta
720 380 748 403 c.
768 369 809 412 L]
836 371 877 404 ob
893 371 1062 411 benefacti
1078 368 1206 402 *****.
1223 388 1267 394 —
1283 373 1316 403 7.
1336 376 1409 409 tum,

99 430 162 463 pro
188 428 254 460 quo
277 419 303 450 1.
328 428 403 450 cum
428 417 553 449 Kritzio
580 421 656 448 tunc
679 416 827 457 scripsit,
852 415 986 447 defendi
1011 424 1127 457 posse,
1151 423 1203 447 set
1218 415 1321 447 multo
1339 425 1411 448 ma-

100 466 155 507 gis
179 474 246 497 non
269 472 344 495 cum
370 461 483 495 Cortio
506 460 726 493 inserundum
743 470 818 491 esse
835 461 1016 491 etiamnum
1034 460 1188 492 arbitror.
1212 475 1253 482 -—
1277 461 1310 492 9.
1337 471 1411 496 neu.

101 517 307 550 quamquam
332 506 364 538 V
388 516 429 538 ne
459 505 614 543 exhibet,
646 506 757 546 magis
787 504 869 536 mihi
900 504 1037 546 placuit.
1073 519 1118 527 —
1153 505 1206 536 12.
1240 503 1337 542 Quod
1369 505 1411 536 ob

103 554 215 585 locum
242 550 491 589 Demosthenis,
527 559 627 590 quem
651 548 811 581 Sallustio
838 549 879 580 ob
905 548 1020 580 oculos
1044 555 1215 580 vorsatum
1246 558 1321 581 esse
1344 548 1417 581 luce

106 598 229 629 clarius
254 602 315 635 est,
342 595 421 627 olim
445 595 573 626 conieci
596 596 774 631 intuentes,
809 593 844 625 id
859 592 990 624 Halmio
1015 599 1170 624 monente
1193 603 1281 624 nunc
1303 593 1416 626 addito

108 646 205 674 tanta
228 640 454 683 subplendum
478 639 605 681 putavi.
636 655 680 662 —
711 638 764 670 17.
789 635 1003 679 mehercules]
1040 637 1222 670 mehercule
1246 638 1270 669 l.
1295 654 1339 660 —-
1363 639 1416 681 19,

111 683 277 729 obrepsit]
303 685 329 717 Ι.
356 694 398 716 ex
423 684 454 714 V
479 684 657 724 obpressit.
681 699 724 706 -
749 683 804 714 21.
829 681 956 723 vostra]
981 687 1098 714 nostra
1121 681 1147 716 Ι.

196 728 266 764 01·-
292 726 399 763 Cott.
437 729 470 760 9.
503 728 644 770 Ingenio
676 728 831 769 corporis
861 736 928 766 quo
959 726 1061 758 modo
1097 725 1175 758 ferri
1205 728 1316 769 possit
1351 736 1418 759 non

106 775 219 807 video.
268 774 398 805 Memor
421 772 486 804 loci
510 772 584 814 lug.
605 773 657 810 17,
674 772 694 803 6
719 781 808 802 nunc
831 772 924 804 senio
951 771 1095 802 seribere
1118 780 1222 803 ausus
1249 781 1336 804 sum.

194 816 268 861 Ep·
293 816 433 859 Pomp·
466 818 499 849 2.
527 817 644 849 hacine
669 812 760 858 c.1.]
792 816 855 847 hac
883 817 929 850 in.
962 832 1005 838 —
1040 817 1071 848 3.
1099 815 1309 848 Iacetaniam
1339 825 1366 847 c.
1391 815 1419 849 1.

106 862 292 897 secundum
316 862 466 894 Hiibneri
490 861 756 892 emendationem
783 860 908 899 (Herm.
928 859 991 891 111
1017 870 1051 901 p.
1071 861 1136 892 335
1151 857 1240 902 sq.)]
1275 861 1421 894 Laeeta-

105 909 202 941 niam.
227 924 272 930 —
296 908 328 939 9.
353 903 434 949 qua]
462 916 547 948 quae
571 905 595 939 1.

195 949 265 986 01·-
289 948 415 984 Macr-
452 952 484 983 5.
511 950 729 992 Participium
762 959 875 991 pass„
913 949 956 980 ad
986 949 1078 988 quod
1110 948 1279 981 referundi
1309 956 1422 981 essent

107 996 257 1034 ablativi,
282 1002 371 1027 recte
395 995 515 1027 abesse
538 994 619 1026 mihi
646 994 794 1026 nondum
820 1003 1032 1036 persuasum.
1057 1010 1101 1015 —
1131 993 1421 1031 Emendationern‚

107 1050 210 1082 quam
227 1040 341 1081 Mfflily
366 1039 560 1082 proposuit,
585 1040 696 1071 iacent
720 1039 855 1079 retinui,
881 1048 939 1069 nec
956 1038 1068 1069 miuus
1093 1037 1126 1069 8.
1150 1039 1281 1070 scilicet
1302 1047 1364 1081 pro
1389 1043 1424 1071 et

108 1092 280 1124 novatum,
307 1091 409 1124 atque
434 1085 473 1115 11
500 1085 533 1115 in
552 1093 608 1116 vos
632 1092 693 1125 pro
712 1084 744 1113 in
765 1082 867 1114 vobis.
887 1099 928 1105 -—
955 1083 1007 1114 14.
1034 1083 1246 1114 omittundum
1263 1083 1423 1115 Arusiani

107 1126 321 1172 auctoritate]
348 1129 560 1161 omittundum
585 1127 609 1159 Ι.
636 1145 676 1150 -
713 1128 764 1159 15.
791 1132 855 1158 tum
885 1127 1012 1158 omisso
1045 1127 1156 1158 omnia
1187 1133 1274 1159 recte
1304 1128 1424 1159 mitum

109 1185 185 1207 esse
208 1174 372 1206 Kritzium
398 1182 465 1204 non
490 1179 557 1204 tam
582 1171 678 1203 facile
702 1172 894 1209 concedam,
921 1181 1020 1211 quam
1045 1172 1200 1212 patriciis
1223 1171 1264 1202 ab
1281 1171 1425 1204 Momm·

109 1228 192 1251 seno
218 1218 394 1250 defensum
410 1216 637 1249 reducendum
655 1216 770 1248 fuisse.
788 1233 830 1238 —
857 1216 909 1249 17.
931 1217 1077 1256 cupiatis
1093 1225 1122 1247 c.
1142 1213 1183 1258 1.]
1211 1217 1366 1258 capiatis.
1380 1232 1424 1239 —

109 1265 167 1298 23.
192 1263 422 1295 restituendae
446 1261 565 1292 abesse
589 1270 693 1302 posse
717 1260 799 1292 mihi
824 1260 973 1292 nondum
999 1269 1211 1302 persuasum.

201 1305 275 1348 Ep.
294 1304 436 1339 Mithr.
464 1307 517 1338 13.
544 1306 642 1346 coepi
665 1315 694 1336 c.
713 1302 756 1348 1.]
783 1306 870 1346 cepi.
886 1321 927 1326 —-
955 1305 1006 1336 14.
1032 1305 1068 1335 In
1093 1314 1132 1335 ea
1157 1305 1322 1336 sententia
1346 1314 1422 1347 per-

113 1352 216 1390 sisto,
258 1358 294 1382 ut
324 1350 610 1393 praepositionem
643 1350 736 1391 apud
764 1349 947 1381 secundum
979 1356 1189 1380 constantem
1221 1349 1425 1391 scriptorum

114 1405 226 1434 usum,
252 1395 317 1426 nisi
342 1395 418 1434 quis
444 1393 642 1426 Sallustium
673 1404 726 1425 res
757 1403 875 1435 parum
907 1394 1061 1435 cognitas
1092 1393 1251 1425 habuisse
1280 1402 1425 1426 statuere

115 1440 221 1480 malit,
246 1439 466 1481 repetundum
491 1438 597 1470 fuisse
621 1438 771 1469 arbitrer.
805 1455 846 1460 —
885 1439 936 1469 16.
968 1438 1019 1469 Ab
1044 1447 1149 1479 parvo
1173 1437 1288 1470 labore
1319 1447 1424 1470 uncos

114 1485 254 1516 removi.
286 1499 332 1506 —-
362 1485 414 1516 17.
446 1484 479 1515 vi
504 1480 653 1525 partum]
692 1488 824 1523 raptum
854 1492 882 1514 c.
909 1481 1016 1514 Ciacc.
1041 1482 1065 1514 1.
1126 1481 1209 1513 Tum
1240 1493 1310 1514 cum
1334 1482 1425 1523 quod

115 1528 331 1560 adiciundum
357 1537 571 1566 censueram,
609 1537 741 1558 rursum
767 1527 889 1565 delevi,
927 1534 977 1558 set
1007 1536 1068 1568 pro
1090 1531 1187 1568 peste
1211 1527 1425 1559 scribendum

115 1582 192 1605 esse
212 1574 304 1614 pesti
326 1573 477 1604 conicere
501 1581 568 1604 non
593 1573 717 1603 veritus
741 1580 827 1602 sum.
