1537 2512
305 109 361 135 m:
391 108 526 136 manno
558 109 824 138 1vovn'mmo
854 109 888 137 c.
919 105 974 141 39.
1002 105 1057 140 40.
1088 106 1143 141 41.
1319 100 1371 140 63

82 205 233 246 lascivia
265 211 517 259 conruperat,
550 218 596 246 ex
629 208 736 258 copia
764 219 895 247 rerum
921 210 1050 248 statuit
1079 209 1150 248 sibi
1174 209 1267 249 nihil
1293 211 1371 260 agi-

76 261 245 301 tandum.

190 317 347 356 Interim
369 317 513 356 Romae
534 318 578 358 G.
600 318 786 357 Mamilius
806 318 1026 359 Limetanus
1045 319 1225 359 tribunus
1245 320 1372 371 plebei
1385 323 1437 362 40

77 374 316 423 rogationem
338 373 384 411 ad
406 372 590 423 populum
612 373 850 424 promulgat,
882 375 936 413 uti
961 380 1212 426 quaereretur
1233 376 1271 414 in
1292 388 1370 421 eos,

42 440 60 468 5
78 439 242 479 quorum
266 427 422 466 consilio
444 427 626 478 Iugurtha
650 430 770 467 senati
791 430 945 469 decreta
965 430 1208 481 neglegisset,
1231 432 1372 482 quique

75 483 123 522 ab
154 495 199 522 eo
227 484 265 521 in
288 482 543 533 legationibus
566 489 630 522 aut
641 483 814 535 imperiis
826 486 1008 535 pecunias
1032 487 1280 536 accepissent,
1307 487 1372 537 qui

76 538 301 589 elephantos
322 539 463 589 quique
491 539 672 589 perfugas
701 540 963 586 tradidissent,
993 542 1083 580 item
1114 541 1246 592 quide
1275 552 1371 592 pace

74 599 140 633 aut
167 593 267 633 bello
299 605 385 633 cum
416 594 589 633 hostibus
610 596 805 645 pactiones
831 595 1020 635 fecissent.
1061 596 1158 635 Huic
1178 597 1401 646 rogationi2

73 650 212 700 partim
237 651 379 689 conscii
399 649 489 694 sibi,
513 649 574 688 alii
595 663 640 689 ex
663 652 828 700 partium
844 651 981 690 invidia
1002 652 1172 702 pericula
1194 655 1369 690 metuen-

28 716 60 742 ιο
74 710 151 749 tes,
176 706 355 756 quoniam
380 710 511 755 aperte
533 706 712 744 resistere
734 717 811 744 non
837 711 1016 757 poterant
1037 708 1128 757 quin
1155 706 1217 746 illa
1240 711 1277 746 et
1298 705 1369 745 alia

73 760 161 799 talia
184 760 337 810 placere
356 760 427 799 sibi
444 761 669 805 faterentur,
693 760 841 800 occulte
863 773 934 812 per
955 763 1098 800 amicos
1119 774 1164 801 ac
1190 773 1370 800 maxume

74 828 144 867 per
169 815 346 855 homines
374 817 540 854 nominis
569 815 691 854 Latini
720 821 757 855 et
787 818 911 855 socios
939 816 1089 855 Italicos
1111 817 1367 868 inpedimenta

74 871 273 922 parabant.
333 871 399 910 Set
426 871 558 922 plebes
587 871 810 910 incredibile
841 877 1056 911 memoratu
1088 877 1144 911 est
1173 884 1286 924 quam
1313 872 1369 910 in·
1386 883 1403 913 :3

73 931 177 966 tenta
211 926 327 966 suerit
357 931 575 978 quantaque
604 928 638 965 vi
667 928 906 976 rogationem
934 928 1105 972 iusserit,
1132 928 1252 977 magis
1281 927 1367 965 odio

29 994 60 1019 ιε
75 981 283 1021 nobilitatis
312 983 373 1021 cui
397 981 495 1021 mala
526 981 588 1021 illa
619 982 874 1032 parabantur,
907 994 1019 1033 quam
1046 995 1137 1021 cura
1161 984 1217 1022 rei
1245 981 1368 1032 publi-

77 1049 165 1076 cae:
200 1042 303 1076 tanta
322 1036 454 1076 lubido
475 1039 512 1076 in
534 1037 710 1088 partibus
732 1042 824 1076 erat.
854 1037 973 1087 Igitur
1000 1039 1137 1076 ceteris
1157 1042 1261 1076 metu
1281 1047 1402 1088 per-4

78 1092 192 1131 culsis
215 1092 263 1131 M.
288 1093 468 1137 Scaurus,
496 1105 609 1143 quem
638 1093 806 1142 legatum
828 1092 976 1132 Bestiae
1008 1092 1124 1132 fuisse
1153 1105 1268 1143 supra
1303 1092 1369 1130 do·

77 1149 238 1192 culmus,
250 1149 348 1187 inter
363 1148 544 1187 laetitiam
561 1147 682 1198 plebis
695 1153 731 1187 et
740 1159 899 1186 morum
916 1148 1058 1197 fugam,
1074 1148 1223 1198 trepida
1240 1148 1370 1186 etiam-

75 1209 156 1242 tum
192 1204 360 1248 civitate,
404 1215 492 1242 cum
523 1215 568 1242 ex
600 1203 762 1241 Mamilia
796 1204 995 1252 rogatione
1021 1208 1100 1242 tres
1134 1204 1371 1254 quaesitores

29 1274 61 1300 20
75 1264 325 1310 rogarentur,
367 1258 564 1303 effecerat,
606 1259 662 1297 uti
690 1259 771 1308 ipse
811 1259 849 1296 in
881 1270 925 1296 eo
964 1270 1127 1297 numero
1157 1262 1366 1297 crearetur.

76 1313 141 1353 Set
167 1315 337 1365 quaestio
369 1315 536 1353 exercita
561 1325 697 1364 aspere
717 1312 981 1364 violenterque
1011 1326 1055 1352 ex
1077 1325 1234 1352 rumore
1255 1317 1293 1352 et
1312 1311 1369 1351 lu·
1384 1323 1404 1355 5

75 1369 203 1408 bidine
233 1369 376 1419 plebis:
406 1374 448 1408 ut
477 1380 592 1420 saepe
612 1368 867 1413 nobilitatem,
900 1369 954 1406 sic
981 1381 1022 1407 ea
1043 1373 1270 1419 tempestate
1290 1367 1369 1418 ple-

75 1423 164 1463 bem
194 1436 239 1463 ex
277 1424 456 1463 secundis
481 1424 598 1463 rebus
625 1423 824 1462 insolentia
855 1429 1021 1473 ceperat.

187 1479 365 1518 Ceterum
395 1491 479 1518 mos
507 1480 672 1529 partium
703 1477 983 1530 [popularium]
1009 1484 1046 1517 et
1073 1477 1264 1530 [senatus]
1292 1477 1368 1516 sac·
1385 1478 1430 1516 41

32 1549 62 1574 25
77 1536 223 1574 tionum
244 1547 288 1573 ac
314 1535 452 1574 deinde
475 1535 646 1573 omnium
666 1533 853 1572 malarum
875 1535 1012 1572 artium
1038 1534 1171 1584 paucis
1195 1537 1283 1572 ante
1304 1544 1371 1571 an-

76 1592 134 1629 nis
154 1589 300 1629 Romae
330 1595 437 1629 ortus
470 1595 526 1628 est
556 1591 631 1627 otio
661 1594 774 1639 atque
803 1588 1034 1627 abundantia
1065 1600 1198 1627 earum
1225 1600 1370 1631 rerum,

78 1657 175 1696 quae
195 1646 317 1695 prima
338 1644 520 1684 mortales
541 1645 697 1683 ducunt.
740 1643 836 1682 Nam
865 1648 952 1683 ante
973 1643 1243 1693 Carthaginem
1269 1642 1370 1682 ‹lele-
1385 1653 1405 1683 2

75 1708 154 1739 tam
177 1700 343 1751 populus
374 1705 410 1739 et
439 1705 592 1740 senatus
612 1699 808 1738 Romanus
829 1699 976 1749 placide
1001 1699 1251 1749 modesteque
1271 1699 1370 1737 inter

78 1767 119 1795 se
138 1767 221 1795 rem
242 1755 435 1806 publicam
450 1755 677 1799 tractabant,
695 1766 820 1805 neque
843 1755 987 1804 gloriae
1002 1766 1128 1804 neque
1145 1754 1371 1792 dominatio-

30 1821 63 1848 ³0
76 1812 134 1849 nis
152 1815 346 1850 certamen
367 1812 466 1850 inter
487 1812 577 1850 civis
597 1815 699 1849 erat:
722 1814 846 1848 metus
867 1809 1013 1847 hostilis
1034 1810 1071 1847 in
1092 1808 1203 1846 bonis
1225 1807 1372 1846 artibus

78 1867 266 1905 civitatem
286 1866 487 1905 retinebat.
536 1865 600 1905 Set
624 1864 690 1904 ubi
712 1864 772 1903 illa
796 1864 960 1902 formido
981 1863 1175 1903 mentibus
1196 1863 1370 1907 decessit,
1387 1870 1406 1902 3

76 1920 220 1960 scilicet
249 1932 306 1969 ea,
323 1932 420 1972 quae
441 1933 505 1960 res
525 1920 718 1961 secundae
741 1924 885 1963 amant,
916 1919 1066 1958 lascivia
1091 1923 1206 1969 atque
1235 1929 1368 1968 super-

75 1976 136 2015 bia
155 1977 360 2016 incessere.
403 1977 456 2015 lta
484 1977 586 2027 quod
612 1977 650 2014 in
672 1975 842 2014 advorsis
861 1975 978 2013 rebus
999 1978 1223 2025 optaverant
1241 1973 1372 2018 otium,
1388 1985 1408 2015 4

75 2037 278 2083 postquam
306 2032 432 2082 adepti
458 2036 560 2076 sunt,
588 2032 760 2082 asperius
790 2030 1044 2080 acerbiusque
1066 2029 1147 2068 suit.
1199 2028 1410 2079 Namque5

30 2097 241 2137 ”coepere
271 2086 450 2126 nobilitas
480 2086 715 2136 dignitatem,
743 2084 909 2136 populus
927 2084 1143 2123 libertatem
1174 2085 1212 2122 in
1234 2083 1372 2122 lubidi-

75 2154 163 2181 nem
180 2147 347 2187 vortere,
372 2141 444 2181 sibi
465 2142 625 2192 quisque
645 2141 788 2179 ducere
808 2140 964 2179 trahere
984 2151 1134 2191 rapere.
1169 2139 1222 2177 lta
1246 2140 1373 2177 omnia

76 2199 113 2236 in
135 2197 230 2237 duas
253 2198 372 2249 partis
396 2197 585 2237 abstracta
608 2201 714 2240 sunt,
738 2208 801 2234 res
822 2195 994 2246 publica,
1027 2207 1125 2245 quae
1144 2194 1269 2232 media
1290 2194 1371 2233 sue·

73 2258 154 2298 rat,
187 2253 402 2292 dilacerata.
451 2252 629 2291 Ceterum
649 2250 824 2290 nobilitas
855 2251 1017 2290 factione
1042 2250 1163 2300 magis
1188 2248 1368 2299 pollebat,
1385 2254 1406 2286 6
