1537 2512
148 64 225 103 100
402 77 458 102 m:
483 76 618 103 nmmo
647 75 912 103 IVGVRTHINO
943 74 979 102 ο.
1015 71 1095 104 100.
1118 70 1197 104 101.

145 173 318 213 cubitum
343 175 380 213 in
402 178 533 224 portas
559 174 728 212 cohortis
752 186 798 213 ex
818 172 1052 224 legionibus,
1083 184 1154 222 pro
1176 172 1310 211 castris
1335 171 1442 222 equi-

146 234 202 267 tes
227 241 273 267 ex
300 228 506 268 auxiliariis
527 230 698 273 mittere,
729 234 930 279 praeterea
960 228 1054 267 alios
1079 239 1196 278 super
1218 226 1356 266 vallum
1386 224 1443 278 [in
1530 234 1537 279 ff

145 283 410 337 munimentis]
433 284 582 329 locare,
610 284 753 334 vigilias
779 286 860 334 ipse
881 284 1107 327 circumire,
1138 294 1216 322 non
1238 287 1315 320 tam
1346 281 1443 320 diffi-
1528 282 1537 330 ᾗ

146 339 273 378 dentia
294 340 424 379 futura
446 352 544 390 quae
559 341 959 391 imperavisset,quam
979 340 1034 378 uti
1054 337 1237 377 militibus
1253 347 1442 386 exaequa-
1534 341 1537 386 ἶ

114 398 208 433 5tus
234 407 321 433 cum
337 397 569 446 imperatore
587 395 696 434 labos
724 395 939 434 volentibus
960 400 1070 434 esset.
1117 393 1164 432 Et
1191 405 1283 432 sane
1300 391 1474 430 Mariuss
1534 435 1536 438 .

145 450 287 500 illoque
305 450 464 502 aliisque
487 449 728 501 temporibus
748 449 981 503 [Iugurthini
1008 448 1116 501 belli]
1145 448 1294 498 pudore
1323 447 1444 496 magis

146 518 260 555 (piam
288 505 389 544 malo
416 507 628 544 exercitum
659 505 883 544 coercebat:
915 505 1017 556 quod
1046 504 1155 544 multi
1175 515 1245 554 per
1269 501 1444 542 ambitio-

144 572 235 600 nem
264 562 347 600 fieri
377 561 550 605 aiebant,
583 573 673 611 pars
704 573 723 599 a
753 562 915 611 pueritia
948 566 1171 599 consuetam
1205 559 1384 598 duritiam
1408 563 1446 596 et

145 616 235 661 alia,
268 629 366 667 quae
397 618 514 656 ceteri
544 617 717 656 miserias
747 620 903 660 vocant,
930 615 1114 666 voluptati
1139 614 1340 654 habuisse:
1373 613 1444 652 nisi

144 676 272 711 tamen
293 684 355 710 res
375 672 527 723 publiea
557 673 700 722 pariter
720 684 764 711 ac
785 671 1190 721 saevissumoimperio
1207 669 1306 708 bene
1329 674 1489 719 atquem
1535 720 1537 723 .

145 727 284 766 decore
317 733 434 777 gesta.

81 783 149 822 iOl
257 783 376 832 Igitur
397 788 535 834 quarto
558 783 722 833 denique
749 782 809 822 die
839 783 932 821 haut
955 782 1070 831 longe
1099 781 1146 820 ab
1178 781 1319 832 oppido
1344 780 1445 819 Cirta

145 838 316 888 undique
346 839 457 878 simul
487 838 751 888 speculatores
772 839 834 877 citi
854 849 938 876 sese
960 836 1185 881 ostendunt,
1214 847 1287 887 qua
1310 847 1354 874 re
1375 835 1445 874 ho-

109 902 129 932 2
145 895 211 933 stis
232 894 366 932 adesse
386 893 631 943 intellegitur.
688 893 753 932 Set
772 895 858 944 quia
884 893 1022 932 divorsi
1044 892 1252 931 redeuntes
1283 889 1378 929 alius
1397 890 1444 930 ab

145 949 215 988 alia
246 954 356 998 parte
384 955 498 1000 atque
519 961 652 988 omnes
673 949 773 987 idem
797 947 1083 998 significabant,
1117 946 1250 986 consul
1275 948 1446 986 incertus
1461 958 1490 983 is

147 1016 315 1055 quonam
331 1005 446 1044 modo
468 1006 589 1043 aciem
613 1006 832 1049 instrueret,
854 1003 958 1043 nullo
980 1003 1115 1042 ordine
1139 1007 1360 1042 conmutato
1380 1001 1444 1041 ad-

113 1062 133 1093 3
148 1072 305 1099 vorsum
327 1062 451 1099 omnia
475 1065 631 1111 paratus
654 1059 796 1099 ibidem
814 1061 998 1109 operitur.
1041 1059 1094 1098 Ita
1111 1057 1336 1108 Iugurtham
1358 1069 1447 1109 spes

149 1116 348 1159 frustrata,
379 1117 443 1166 qui
475 1116 603 1165 copias
633 1117 669 1154 in
701 1119 881 1166 quattuor
905 1116 1024 1165 partis
1052 1113 1311 1158 distribuerat,
1341 1119 1447 1152 ratus

113 1178 132 1208 4
149 1184 193 1210 ex
218 1170 396 1210 omnibus
425 1183 545 1222 aeque
573 1171 721 1222 aliquos
751 1170 796 1209 ab
818 1177 928 1220 tergo
950 1170 1124 1209 hostibus
1147 1174 1338 1208 venturos.
1387 1168 1446 1207 In-

145 1228 256 1265 terim
287 1226 411 1271 Sulla,
452 1238 566 1277 quem
598 1228 767 1276 primum
797 1226 926 1265 hostes
956 1226 1187 1276 adtigeram.
1225 1224 1446 1263 cohortatus
1459 1234 1492 1260 το

145 1294 236 1321 suos
267 1282 462 1320 turmatim
494 1287 531 1321 ot
560 1294 674 1332 quam
705 1293 882 1320 maxume
913 1281 1095 1320 consertis
1122 1282 1230 1331 equis
1260 1282 1341 1331 ipse
1366 1279 1445 1319 alii·

145 1350 220 1388 que
235 1337 389 1376 Mauros
411 1337 604 1381 invadunt,
624 1338 740 1376 ceteri
757 1339 794 1375 in
812 1337 895 1375 loco
917 1343 1116 1376 manentes
1137 1336 1183 1375 ab
1202 1335 1334 1374 iaculis
1354 1336 1446 1374 emi·

145 1404 218 1431 nus
238 1393 386 1431 emissis
408 1404 572 1443 corpora
594 1399 725 1442 tegere
755 1397 791 1431 et
815 1393 845 1430 si
867 1394 931 1443 qui
957 1394 994 1431 in
1016 1404 1151 1431 manus
1172 1396 1357 1430 venerant
1378 1390 1444 1430 ob-

110 1457 130 1487 5
145 1453 339 1487 truncare.
383 1447 481 1487 Dum
503 1461 547 1487 eo
570 1449 684 1486 modo
707 1449 854 1498 equites
875 1448 1132 1498 proeliantur,
1158 1446 1335 1486 Bocchus
1358 1458 1444 1486 cum

145 1503 356 1553 peditibus,
390 1515 485 1554 quos
507 1503 627 1542 Volux
650 1503 747 1543 silius
776 1505 855 1543 eius
876 1504 1088 1543 adduxerat
1108 1515 1233 1554 neque
1256 1504 1293 1541 iu
1316 1503 1491 1552 priorem

146 1570 286 1609 pugna,
313 1561 349 1597 iu
369 1560 502 1598 itinere
527 1561 675 1602 morati,
698 1559 910 1604 adsuerant,
930 1565 1163 1610 postremam
1181 1558 1443 1598 Romanorum

111 1616 265 1654 sacient
297 1614 490 1653 invadunt.
552 1615 649 1653 Tum
679 1616 821 1654 Marius
851 1616 952 1665 apud
986 1616 1132 1665 primos
1157 1614 1314 1665 agebat,
1342 1614 1444 1665 quod

144 1670 195 1709 ibi
212 1669 395 1719 Iugurtha
422 1682 507 1708 cum
531 1670 717 1719 plurumis
741 1677 833 1708 erat.
877 1671 969 1709 Iteiu
992 1670 1154 1709 Numida
1174 1671 1326 1719 cognito
1348 1670 1444 1708 Boc·

146 1726 207 1764 chi
229 1726 393 1764 adventu
420 1725 516 1764 clam
540 1738 626 1764 cum
648 1727 778 1775 paucis
799 1726 844 1764 ad
876 1726 1022 1775 pedites
1052 1727 1259 1764 convortit:
1292 1724 1342 1764 ibi
1373 1725 1444 1765 La·

143 1782 234 1825 tine,
265 1793 354 1820 nam
385 1781 486 1831 apud
517 1781 759 1820 Numantiam
791 1781 893 1832 loqui
924 1782 1126 1823 didicerat.
1159 1781 1346 1820 exclamat
1375 1791 1492 1819 no-so

144 1842 244 1874 stros
270 1837 410 1875 trustra
440 1847 632 1886 pugnare:
660 1836 773 1886 paulo
799 1843 885 1876 aute
909 1837 1068 1876 Marium
1094 1848 1161 1875 sua
1188 1848 1303 1875 mauu
1327 1838 1443 1876 inter-

145 1893 306 1931 sectum:
334 1891 444 1930 sinuil
477 1891 643 1941 gladium
675 1894 859 1942 sanguine
882 1893 1041 1932 oblitum
1072 1892 1296 1937 ostendere,
1329 1903 1442 1943 quem

145 1948 181 1985 iu
213 1959 340 1997 pugna
369 1949 458 1985 satis
497 1949 643 1998 inpigre
676 1949 802 1986 occiso
835 1949 959 1998 pedite
995 1954 1127 1986 nostro
1162 1953 1441 1987 cruentaverat.

113 2003 255 2046 7Quod
288 2003 352 2041 ubi
384 2002 520 2041 milites
550 2016 756 2053 accepere,
789 2005 909 2053 magis
936 2005 1133 2043 atrocitate
1156 2004 1210 2042 rei
1236 2014 1350 2054 quam
1370 2003 1444 2042 fide

145 2059 252 2096 nunti
276 2064 489 2102 terrentur,
522 2059 712 2109 simulque
738 2059 891 2098 barbari
919 2061 1065 2098 animos
1085 2059 1220 2098 tollere
1241 2064 1273 2098 et
1300 2059 1335 2097 iu
1356 2069 1438 2108 per·
1457 2068 1489 2094 ³³

111 2113 274 2152 ssculsos
305 2113 496 2151 llouianos
526 2116 651 2154 acrius
679 2115 868 2154 incedere.
927 2115 1081 2165 lamque
1110 2113 1263 2164 paulum
1303 2126 1322 2152 a
1355 2114 1443 2164 suga

151 2168 322 2221 aberant.
345 2182 430 2207 cuin
450 2169 551 2209 Sulla
579 2171 787 2220 profligatis
809 2173 883 2213 eis,
911 2183 1007 2220 quos
1029 2170 1232 2209 advorsum
1255 2170 1361 2214 ierat,
1382 2180 1443 2209 re-

151 2224 257 2263 diens
288 2225 334 2262 at»
367 2224 484 2263 latere
511 2225 649 2264 Mauris
677 2227 848 2264 incurrit.
898 2226 1074 2265 Bocchus
1095 2227 1219 2264 statim
1245 2226 1443 2264 avortitur.
