1537 2512
363 87 419 112 m:
450 85 584 113 ummo
612 85 875 113 ivovssrnmo
900 85 936 112 c.
959 80 1015 115 83.
1045 80 1103 114 84.
1125 80 1180 114 85.
1370 75 1420 114 δῖ

124 183 292 235 gendae,
324 195 421 234 quae
449 184 577 233 potior
606 181 707 221 bello
728 189 841 228 esset,
865 189 902 222 et
929 195 1161 234 quamquam
1186 184 1324 234 opibus
1344 186 1423 224 suis

128 238 354 283 confideret,
387 243 515 277 tamen
544 249 623 277 non
653 238 796 278 debere
825 240 972 278 incerta
1000 250 1073 289 pro
1107 239 1222 277 certis
1252 243 1421 279 mutare:

127 305 241 333 omne
260 292 404 332 bellum
426 294 525 332 sumi
545 292 667 337 facile,
692 298 865 333 ceterum
880 305 1108 344 aegerrume
1128 294 1322 334 desinere:
1343 306 1423 334 non

128 350 165 388 in
194 348 365 388 eiusdem
395 353 583 399 potestate
612 349 760 387 initium
793 350 874 388 eius
904 354 941 387 et
969 349 1085 388 finem
1116 360 1219 388 esse:
1249 351 1423 400 incipere

96 405 257 448 scuivis,
289 404 402 443 etiam
425 405 581 453 ignavo,
611 403 751 449 licere,
792 404 932 454 deponi
973 416 1060 443 cum
1095 406 1260 443 victores
1289 404 1421 444 velint:

125 459 287 509 proinde
307 458 379 497 sibi
402 469 601 509 regnoque
621 470 690 498 suo
712 459 941 504 consuleret,
964 472 1041 498 neu
1058 459 1231 498 florentis
1251 471 1314 499 res
1335 471 1423 499 suas

126 526 214 553 cum
244 513 452 564 Iugurthae
480 514 639 564 perditis
661 516 853 553 misceret.
908 515 963 553 Ad
990 526 1033 554 ea
1061 527 1131 554 rex
1157 516 1246 554 satis
1274 515 1456 566 placide2

126 569 242 608 verba
271 569 378 608 facit:
407 580 493 608 sese
515 581 650 619 pacem
676 581 830 619 cupere,
863 575 919 608 set
938 569 1147 619 Iugurthae
1179 570 1423 609 fortunarum

127 625 325 664 misereri:
347 626 378 663 si
399 624 533 664 eadem
549 624 601 663 illi
617 626 726 675 copia
748 625 868 669 fieret,
892 628 1019 664 omnia
1042 630 1289 664 conventura.
1321 625 1422 664 Rur-
1437 631 1457 664 3

79 691 111 718 ιο
126 691 192 718 sus
211 679 426 727 imperator
445 684 578 718 contra
616 680 805 729 postulata
828 680 973 719 Bocchi
1010 682 1165 719 nuntios
1194 682 1330 719 mittit:
1361 680 1422 720 ille

124 734 292 785 probare
319 736 469 786 partim,
495 734 566 773 alia
587 734 769 774 abnuere.
820 735 875 773 Eo
906 736 1020 774 modo
1042 747 1157 786 saepe
1178 735 1225 774 ab
1256 740 1423 786 utroque

122 791 248 828 missis
276 791 523 840 remissisque
553 791 695 828 nuntiis
726 795 879 840 tempus
899 791 1135 840 procedere,
1159 796 1195 830 et
1217 803 1263 830 ex
1283 790 1422 830 Metelli

122 844 315 884 voluntate
341 845 485 884 bellum
513 847 701 884 intactum
729 846 840 885 trahi.
1303 868 1306 870 v

234 901 282 939 At
300 900 460 944 Marius,
484 905 527 939 ut
546 912 663 951 supra
681 901 857 946 diximus,
880 902 1177 951 cupientissuma
1196 902 1310 952 plebe
1331 913 1421 941 con·
1437 906 1484 946 84

77 969 109 995 15
123 955 184 995 sul
202 956 344 1000 sactus,
375 961 580 1006 postquam
604 957 637 994 ei
658 958 894 1007 provinciam
918 956 1135 995 Numidiam
1157 957 1322 1007 populus
1343 958 1420 996 ius-

123 1013 187 1056 sit,
225 1016 336 1051 antea
365 1012 440 1050 iam
469 1011 630 1050 infestus
658 1011 867 1055 nohilitati,
905 1018 986 1050 tum
1014 1024 1106 1051 vero
1136 1012 1279 1051 multus
1307 1018 1420 1063 atque

124 1067 231 1106 ferox
255 1068 416 1110 instare,
438 1065 607 1116 singulos
627 1067 741 1105 modo
762 1067 877 1106 modo
899 1068 1101 1106 univorsos
1119 1067 1292 1107 laedere:
1314 1067 1421 1106 dicti-

123 1127 203 1161 tare
229 1133 313 1161 sese
335 1121 576 1161 consulatum
599 1134 644 1161 ex
669 1123 774 1161 victis
797 1122 869 1161 illis
889 1122 1008 1172 spolia
1032 1124 1190 1173 cepisse,
1214 1123 1285 1161 alia
1307 1134 1420 1173 prae-

122 1182 227 1217 terea
251 1178 451 1228 magnifica
471 1189 542 1227 pro
562 1188 603 1216 se
647 1183 683 1216 et
703 1177 773 1216 inis
798 1178 974 1217 dolentia.
1018 1177 1177 1217 Interim
1199 1190 1296 1229 quae
1318 1177 1419 1216 bello
1434 1188 1454 1218 2

76 1247 109 1273 20
123 1245 220 1283 opus
243 1238 354 1272 erant
382 1234 505 1283 prima
526 1232 690 1271 habere:
721 1233 916 1283 postulare
934 1233 1152 1283 legionibus
1172 1232 1418 1284 subplemen-

122 1294 222 1333 tum,
248 1287 386 1328 auxilia
407 1300 427 1326 a
449 1287 601 1339 populis
623 1293 659 1326 et
682 1288 841 1338 regibus
861 1289 1050 1339 sociisque
1072 1300 1283 1333 arcessere,
1305 1300 1419 1339 prac-

120 1349 227 1382 terea
256 1356 302 1382 ex
332 1343 439 1382 Latio
468 1343 732 1382 fortissumum
765 1355 977 1394 quemque,
1012 1343 1220 1394 plerosque
1250 1344 1418 1386 militiae,

121 1410 266 1448 paucos
287 1398 388 1437 fama
410 1400 584 1448 cognitos
608 1399 756 1443 adcire,
787 1404 824 1437 et
853 1398 1061 1437 ambiundo
1083 1410 1223 1448 cogere
1244 1399 1420 1437 homines

122 1455 290 1493 emeritis
326 1453 524 1504 stipendiis
560 1465 692 1492 secum
729 1454 931 1503 proficisci.
998 1453 1132 1504 Neque
1165 1453 1217 1492 illi
1252 1460 1457 1497 senatus,3

74 1524 106 1549 25
122 1521 354 1561 quamquam
379 1509 564 1548 advorsus
587 1514 679 1553 erat,
702 1509 748 1548 de
769 1509 847 1548 ullo
864 1510 1018 1560 negotio
1039 1509 1210 1548 abnuere
1232 1509 1419 1548 audebat:

122 1569 294 1604 ceterum
315 1564 625 1615 subpleinentum
649 1566 762 1603 etiam
782 1564 904 1603 laetus
926 1565 1164 1609 decreverat,
1187 1566 1272 1615 quia
1294 1575 1421 1616 neque

122 1619 248 1669 plebei
277 1619 408 1658 militia
437 1619 577 1659 volenti
601 1619 809 1669 putabatur
847 1624 885 1658 et
912 1619 1055 1658 Marius
1085 1624 1150 1658 aut
1189 1619 1279 1659 belli
1307 1630 1420 1659 usum

127 1679 194 1714 aut
230 1675 354 1713 studia
393 1674 492 1724 volgi
531 1676 754 1714 amissurus.
810 1676 876 1714 Set
904 1687 946 1714 ea
977 1687 1040 1714 res
1071 1675 1213 1713 frustra
1243 1680 1453 1725 sperata:4

121 1735 224 1769 tanta
252 1729 384 1768 lubido
416 1742 503 1769 cum
533 1730 652 1769 Mario
684 1730 799 1769 eundi
828 1729 1034 1780 plerosque
1065 1731 1266 1768 invaserat.
1328 1730 1420 1769 Sese

76 1800 108 1826 so
122 1786 283 1835 quisque
299 1785 442 1836 praeda
460 1785 691 1835 locupletem
708 1786 803 1829 sore,
815 1786 1000 1823 victorem
1017 1785 1174 1823 domum
1189 1785 1418 1828 rediturum,

121 1839 193 1878 alia
222 1840 383 1879 huiusce
418 1841 522 1879 modi
548 1842 683 1879 animis
712 1840 938 1884 trahebant,
980 1845 1017 1878 et
1053 1851 1118 1878 eos
1155 1851 1232 1879 non
1263 1840 1420 1891 paulum

121 1896 294 1934 oratione
332 1907 400 1933 sua
438 1894 580 1934 Marius
610 1896 824 1934 adrexerat.
883 1895 978 1933 Nam
1009 1900 1213 1946 postquam
1244 1895 1454 1934 omnibuss

122 1962 220 2001 quae
251 1949 511 2001 postulaverat
540 1951 705 1989 decretis
732 1950 871 1989 milites
899 1950 1071 1990 scribere
1109 1950 1204 1995 volt,
1240 1951 1420 1989 hortandi

121 2017 238 2044 causa
276 2005 389 2043 simul
420 2010 456 2044 et
477 2005 714 2044 nobilitatem
735 2007 789 2044 uti
817 2011 1070 2044 consueverat
1093 2007 1307 2056 exagitandi
1328 2018 1420 2045 con·

75 2073 108 2101 ss
121 2061 263 2100 tionem
289 2060 422 2112 populi
441 2060 648 2105 advocavit,
680 2061 818 2100 deinde
844 2061 919 2099 hoc
945 2061 1059 2100 modo
1089 2061 1286 2100 disseruit:

234 2116 334 2154 ‘Scio
357 2126 449 2165 ego,
480 2117 658 2162 Quirites,
690 2116 897 2167 plerosque
925 2128 1002 2154 non
1026 2116 1169 2155 eisdem
1183 2114 1333 2154 artibus
1349 2116 1418 2153 im·
1434 2113 1485 2153 85

120 2171 272 2220 perium
297 2182 318 2208 a
340 2170 445 2209 vobis
467 2176 599 2221 petere
622 2177 658 2210 et
679 2177 883 2222 postquam
905 2171 1032 2221 adepti
1054 2176 1143 2210 sunt
1161 2182 1319 2221 gerere:
1342 2173 1418 2222 pri-

121 2237 185 2264 mo
224 2226 432 2265 industrios
453 2225 636 2277 subplicis
671 2227 844 2265 modicos
874 2238 976 2271 esse,
1013 2227 1100 2265 dein
1129 2238 1199 2277 per
1231 2228 1420 2278 ignaviam
