1537 2512
386 97 440 122 m:
472 95 607 122 mimo
640 94 874 122 tvovnmxo
905 94 940 121 c.
969 88 1003 122 4.
1036 91 1069 122 5.
1329 80 1380 119 39

87 193 209 232 claros
238 194 339 232 viros
370 191 501 230 solitos
522 193 573 231 ita
603 192 754 232 dicere:
787 204 873 232 cum
894 194 1083 232 maiorum
1107 194 1292 242 imagines
1320 191 1379 229 in-

86 252 296 293 tuerentur,
310 248 656 287 vehementissume
673 247 744 287 sibi
761 249 930 287 animum
947 248 993 287 ad
1010 249 1187 287 virtutem
1204 247 1377 286 adcendi.

86 303 235 342 Scilicet
252 314 329 341 non
352 314 480 342 ceram
505 302 607 341 illam
627 315 753 354 neque
774 303 939 352 figuram
968 308 1112 342 tantam
1133 304 1207 342 vim
1230 304 1267 341 in
1297 313 1380 341 sese
1394 306 1417 339 6

85 357 240 403 habere,
258 363 316 397 set
335 359 521 397 memoria
538 362 671 397 rerum
686 364 881 408 gestarum
903 371 987 399 eam
1003 358 1195 397 flammam
1218 358 1382 407 egregiis

55 413 171 451 miris
199 414 237 452 in
266 418 424 464 pectore
458 425 635 452 crescere
665 426 791 464 neque
819 415 928 463 prius
958 414 1085 453 sedari
1116 425 1229 464 quam
1261 414 1381 451 virtus

85 479 218 507 eorum
250 468 391 507 famam
420 472 534 519 atque
566 467 727 518 gloriam
752 468 1033 519 adaequaverit.
1074 467 1121 506 At
1142 473 1277 506 contra
1297 468 1416 519 quis⁷

85 527 142 562 est
162 525 330 562 omnium
346 523 405 562 his
420 523 605 568 moribus
626 525 717 575 quin
734 524 869 562 divitiis
890 529 927 563 et
947 524 1173 575 sumptibus,
1193 535 1270 562 non
1290 535 1381 574 pro-

84 577 201 617 bitate
219 591 344 630 neque
367 579 553 618 industria
575 591 663 618 cum
684 579 894 618 maioribus
915 581 992 618 suis
1016 579 1245 618 contendat?
1269 580 1383 618 etiam

85 632 259 672 homines
279 635 379 678 novi,
399 635 464 685 qui
479 639 591 674 antea
612 647 682 685 per
703 635 884 673 virtutem
905 634 1003 673 soliti
1020 639 1129 674 erant
1145 633 1383 673 nobilitatem

41 702 72 729 ιο
85 691 314 734 antevenire,
330 689 462 728 furtim
480 694 515 728 et
531 701 601 740 per
618 690 815 729 latrocinia
832 691 960 740 potius
977 702 1092 741 quam
1108 690 1220 728 bonis
1236 689 1382 728 artibus

85 744 133 783 ad
152 745 312 795 imperia
336 751 373 784 et
392 744 562 784 honores
591 746 787 784 nituntur:
819 745 981 795 proinde
1014 746 1121 796 quasi
1142 750 1324 795 praetura
1347 748 1418 783 et8

86 799 304 838 consulatus
326 805 438 851 atque
464 799 536 839 alla
557 801 683 839 omnia
705 800 867 839 huiusce
887 801 991 839 modi
1010 812 1081 852 per
1107 812 1147 840 se
1177 801 1259 851 ipsa
1281 799 1383 839 clara

86 859 122 894 et
151 855 352 904 magnifica
382 856 475 900 sint,
508 867 552 895 ac
573 867 651 894 non
673 855 835 906 perinde
861 855 1078 895 habeantur
1098 860 1140 895 ut
1163 867 1298 895 eorum
1320 857 1384 906 qui

87 921 131 949 ea
151 910 339 949 sustinent
366 911 486 950 virtus
516 917 583 950 est.
632 910 775 950 Verum
797 922 867 960 ego
898 910 1056 950 liberius
1078 911 1266 962 altiusque
1293 923 1383 961 pro·
1400 913 1419 945 9

40 980 72 1007 ι5
87 965 202 1009 cessi,
235 965 326 1004 dum
354 978 415 1005 me
447 967 605 1005 civitatis
635 978 789 1005 morum
818 967 921 1017 piget
947 967 1171 1018 taedetque:
1203 978 1307 1005 nunc
1338 966 1384 1004 ad

86 1022 280 1071 inceptum
308 1021 436 1060 redeo.

199 1075 349 1115 Bellum
376 1078 590 1127 scripturus
621 1088 725 1122 sum,
757 1078 858 1128 quod
888 1077 1054 1128 populus
1077 1076 1273 1116 Romanus
1298 1089 1386 1116 cum
1402 1076 1426 1115 5

86 1131 286 1181 Iugurtha,
308 1143 400 1181 rege
427 1132 694 1176 Numidarum,
725 1134 860 1182 gessit,
892 1134 1060 1183 primum
1084 1133 1170 1183 quia
1202 1143 1385 1182 magnum

88 1192 126 1226 et
154 1191 264 1226 atrox
296 1188 475 1237 variaque
500 1188 656 1226 victoria
687 1187 775 1232 suit,
809 1187 948 1227 dehinc
979 1189 1066 1239 quia
1093 1193 1185 1226 tunc
1216 1190 1420 1238 primum2

42 1241 292 1293 ‘osuperhiae
313 1242 517 1281 nobilitatis
538 1242 687 1281 obviam
711 1244 805 1282 itum
829 1248 902 1287 est,
925 1255 1021 1294 quae
1044 1245 1238 1282 contentio
1261 1243 1386 1282 divina

88 1303 125 1337 et
151 1297 320 1337 humana
343 1303 479 1337 cuncta
507 1299 731 1348 permiscuit
754 1311 877 1350 eoque
900 1299 1101 1338 vecordiae
1123 1299 1322 1349 processit,
1345 1303 1387 1337 ut

87 1353 222 1392 studiis
243 1353 415 1392 civilibus
441 1353 584 1392 bellum
604 1358 718 1405 atque
746 1355 898 1392 vastitas
919 1353 1050 1393 Italiae
1080 1354 1196 1392 finem
1225 1353 1382 1392 faceret.

88 1407 154 1448 Set
173 1409 281 1460 prIus
304 1420 418 1459 quam
447 1409 606 1448 huiusce
628 1409 732 1447 modi
760 1411 818 1448 rei
839 1410 986 1447 initium
1009 1408 1210 1459 expediam
1224 1439 1232 1453 ,
1262 1420 1384 1459 pauca
1399 1412 1421 1446 3

88 1475 205 1515 supra
224 1469 409 1514 repetam,
428 1476 503 1515 quo
524 1464 571 1502 ad
594 1464 910 1513 cognoscundum
928 1465 1054 1502 omnia
1075 1462 1250 1503 inlustria
1265 1465 1386 1514 magis

42 1519 285 1569 amagisque
315 1519 352 1557 in
379 1524 512 1570 aperto
540 1520 625 1557 sint.

200 1573 306 1613 Bello
328 1574 472 1613 Punico
493 1574 675 1618 secundo,
700 1586 775 1625 quo
794 1574 869 1613 dux
891 1574 1263 1624 Carthaginiensium
1285 1574 1386 1613 Han·
1401 1577 1423 1608 4

88 1629 193 1670 nibal
215 1634 302 1681 post
326 1630 628 1680 magnitudinem
658 1630 823 1667 nominis
843 1629 1006 1668 Romani
1026 1629 1156 1669 Italiae
1185 1641 1279 1680 opes
1307 1641 1386 1668 ma-

89 1697 204 1725 xume
229 1685 455 1729 adtriverat,
485 1685 701 1727 Masinissa,
734 1697 803 1723 rex
826 1684 1099 1730 Numidarum,
1125 1686 1161 1723 in
1184 1686 1388 1723 amicitiam

89 1745 271 1792 receptus
301 1753 321 1779 a
349 1741 390 1779 P.
424 1741 690 1790 Scipione‚cui
720 1745 852 1790 postea
881 1740 1061 1779 Africano
1094 1751 1308 1789 cognomen
1342 1752 1388 1778 ex

45 1808 78 1836 ³0
90 1797 230 1835 virtute
247 1795 327 1840 suit,
345 1795 461 1835 multa
487 1801 524 1834 et
547 1795 746 1846 praeclara
768 1796 825 1834 rei
845 1795 1017 1834 militaris
1039 1795 1209 1834 facinora
1231 1795 1386 1838 fecerat,

93 1851 142 1890 ob
174 1863 271 1902 quae
301 1852 408 1889 w‘ctis
438 1850 815 1900 Carthaginiensibus
838 1856 875 1889 et
900 1855 1011 1900 capto
1038 1849 1189 1894 Susace,
1221 1851 1329 1889 cuius
1350 1851 1389 1888 in

93 1907 220 1946 Africa
251 1917 433 1955 magnum
454 1911 567 1957 atque
591 1905 663 1945 late
677 1906 884 1955 imperium
907 1905 1032 1949 valuit,
1062 1904 1227 1956 populus
1249 1905 1388 1944 Roma-

93 1973 167 2001 nus
195 1973 457 2013 quascumque
488 1960 596 2000 urbis
634 1967 669 2000 et
699 1972 812 2010 agros
841 1973 956 1999 manu
988 1966 1142 2011 ceperat
1173 1962 1257 2011 regi
1287 1961 1388 2000 dono

97 2017 212 2057 dedit.
262 2016 383 2066 Igitur
410 2017 572 2055 amicitia
593 2016 813 2055 Masinissae
835 2015 936 2054 bona
959 2021 1072 2067 atque
1092 2015 1252 2056 honesta
1277 2016 1388 2055 nobis
1405 2023 1427 2055 5

48 2085 83 2114 ³5
95 2073 326 2124 permansit:
354 2069 450 2124 [set]
481 2072 620 2120 imperi
650 2072 826 2120 vitaeque
858 2071 940 2109 eius
969 2070 1056 2110 finis
1086 2071 1190 2110 idem
1220 2071 1303 2110 suit.

208 2127 302 2166 Dein
331 2127 488 2177 Micipsa
519 2126 617 2165 filius
638 2137 801 2176 regnum
822 2125 926 2165 solus
949 2126 1113 2165 obtinuit
1132 2126 1390 2167 Mastanabale

96 2188 133 2222 et
156 2182 318 2223 Gulussa
350 2181 534 2221 fratribus
559 2181 697 2220 morbo
727 2180 949 2232 absumptis.
1008 2182 1044 2220 Is
1073 2181 1327 2221 Adherbalem
1354 2188 1392 2222 et

96 2237 353 2289 Hiempsalem
383 2251 428 2277 ex
459 2249 541 2277 sese
572 2238 723 2287 genuit,
756 2236 1077 2289 Iugurthamque,
1109 2236 1227 2276 filium
1254 2237 1390 2276 Masta·
