1537 2512
458 84 512 111 ex
541 82 761 110 msa-onus
790 82 1053 111 exemeras.
1330 73 1405 113 119

105 194 169 222 res
198 188 237 221 et
265 182 391 232 ignavi
421 181 608 231 cuiusque
642 181 901 220 tenuissumas
936 193 1024 231 spes
1060 181 1292 222 frustratur:
1331 195 1406 234 qua
1429 189 1473 222 20

104 243 234 277 tamen
263 237 436 288 quamvis
465 235 609 287 ampla,
638 237 819 286 quoniam
849 237 978 275 serviti
1006 238 1173 287 pretium
1192 243 1404 278 ostentare-

104 298 180 338 tur,
212 293 322 332 cuius
347 291 559 342 torpedinis
578 295 661 330 erat
690 290 814 342 decipi
835 296 873 330 et
901 297 1119 332 vostrarum
1148 304 1282 332 rerum
1301 293 1404 333 ultro

105 348 268 387 iniuriae
289 348 450 397 gratiam
472 346 640 386 debere?
671 345 872 386 Cavendus
903 346 1014 386 dolus
1036 353 1103 387 est.
1134 347 1309 400 Namque
1331 348 1404 388 alio
1428 355 1472 387 21

74 402 222 446 smodo
252 414 379 453 neque
408 401 535 441 valent
564 403 602 440 in
632 402 845 447 univorsos,
876 414 1003 453 neque
1035 402 1290 443 conabuntur.
1334 403 1406 443 Ita·

106 470 181 510 que
210 457 324 497 simul
362 462 575 508 conparant
611 456 865 497 delenimenta
902 462 940 496 et
969 458 1150 498 differunt
1175 470 1241 497 vos
1271 460 1310 497 in
1339 459 1405 498 ad-

105 518 264 553 ventum
288 512 361 552 Gn.
391 513 570 563 Pompei:
603 524 719 563 quem
749 514 892 563 ipsum,
925 513 992 553 ubi
1021 515 1257 564 pertimuere
1277 514 1405 553 subla-

94 574 187 616 ‚tum
217 569 256 607 in
286 569 455 608 cervices
483 580 584 612 suas,
607 580 697 606 mox
724 568 879 618 dempto
907 574 1013 608 metu
1041 569 1223 609 lacerant.
1273 569 1408 621 Neque
1430 577 1475 611 23

106 635 173 664 eos
201 623 341 675 pudet,
371 623 539 663 vindices
569 624 624 662 uti
655 635 696 663 se
728 623 857 663 ferunt
883 624 1088 669 libertatis,
1120 629 1176 663 tot
1201 625 1304 663 viros
1325 626 1407 664 sine

59 692 94 719 ιο
106 691 183 719 uno
208 684 274 719 aut
303 681 500 719 remittere
529 679 708 717 iniuriam
733 690 811 717 non
841 679 985 719 audere
1014 685 1080 719 aut
1097 681 1155 719 ius
1181 691 1259 718 non
1291 691 1406 731 posse

106 734 326 774 defendere.
385 733 476 773 Mihi
507 734 661 785 quidem
697 735 787 773 satis
825 739 1039 785 spectatum
1076 741 1133 774 est
1162 735 1402 786 Pompeium,

103 795 233 830 tantae
273 789 419 840 gloriae
455 789 752 833 adulescentem,
805 789 917 829 malle
947 791 1164 841 principem
1191 790 1408 830 volentibus

105 844 215 885 vobis
244 857 347 889 esse,
379 856 495 896 quam
525 843 597 883 illis
628 844 896 884 dominationis
924 846 1092 890 socium,
1130 850 1408 898 auctoremque

105 902 144 940 in
170 901 304 951 primis
334 900 417 940 fore
447 899 677 939 tribuniciae
708 902 908 950 potestatis
935 902 1209 941 restituendae.
1248 900 1404 946 Verum,
1432 912 1476 943 24

60 966 92 992 1⁵
105 955 295 1002 Quirites,
319 961 430 995 antea
451 954 591 1004 singuli
613 956 714 994 cives
736 956 775 994 in
797 955 994 1009 pluribuS,
1020 968 1098 995 non
1122 958 1161 995 in
1182 968 1260 996 uno
1282 958 1410 997 cuncti

103 1011 293 1063 praesidia
321 1011 540 1055 habebatis,
573 1022 700 1061 neque
726 1011 948 1051 mortalium
989 1013 1192 1063 quisquam
1221 1012 1314 1052 dare
1345 1017 1410 1052 aut

105 1069 257 1118 eripere
287 1066 376 1106 talia
408 1077 508 1106 unus
534 1071 698 1117 poterat.

215 1122 348 1174 ltaque
373 1121 584 1162 verborum
614 1123 704 1160 satis
730 1122 874 1161 dictum
908 1127 984 1161 est:
1015 1134 1142 1173 neque
1165 1123 1266 1162 enim
1297 1124 1406 1173 igno·
1430 1130 1473 1164 25

104 1179 228 1217 rantia
254 1189 318 1217 res
345 1177 498 1217 claudit.
555 1176 701 1216 Verum
727 1179 927 1228 occupavit
955 1179 1086 1217 nescio
1116 1190 1213 1229 quae
1240 1189 1308 1217 vos
1330 1183 1408 1216 tor·
1432 1181 1476 1215 26

58 1246 92 1273 20
104 1233 224 1284 pedo,
258 1245 333 1285 qua
360 1245 440 1272 non
470 1232 591 1283 gloria
620 1234 826 1272 movemini
866 1244 994 1284 neque
1023 1232 1174 1284 flagitio,
1196 1239 1409 1285 cunctaque

102 1290 300 1340 praesenti
335 1290 484 1338 ignavia
514 1289 737 1333 mutavistis‚
769 1288 923 1327 abunde
950 1288 1168 1328 libertatem
1199 1290 1289 1334 rati,
1322 1289 1410 1340 quia

104 1346 222 1396 tergis
251 1343 466 1383 abstinetur
500 1348 537 1383 et
565 1343 642 1383 huc
669 1345 726 1383 ire
756 1343 844 1384 lieet
875 1348 990 1395 atque
1024 1343 1134 1383 illuc:
1165 1355 1328 1383 munera
1353 1344 1409 1383 di-

102 1401 199 1439 tium
219 1399 477 1439 dominorum.
534 1399 648 1450 Atqui
673 1399 770 1438 haec
796 1399 931 1439 eadem
962 1411 1040 1438 non
1065 1404 1155 1438 sunt
1179 1399 1408 1450 agrestibus,
1434 1409 1477 1440 27

104 1461 163 1495 set
193 1455 408 1495 caeduntur
433 1456 533 1494 inter
561 1456 775 1505 potentium
806 1455 1021 1494 inimicitias
1058 1454 1238 1506 donoque
1269 1455 1410 1494 dantur

58 1512 143 1550 asin
175 1511 392 1562 provincias
419 1509 717 1562 magistratibus.
758 1509 812 1549 lta
838 1515 1035 1561 pugnatur
1059 1515 1096 1549 et
1125 1511 1290 1549 vincitur
1317 1522 1410 1561 pau-

106 1568 176 1606 cis:
206 1566 359 1617 plebes,
392 1566 666 1618 quodcumque
693 1565 848 1610 accidit,
879 1577 952 1616 pro
981 1567 1089 1605 victis
1120 1571 1177 1605 est
1205 1570 1243 1605 et
1269 1567 1308 1604 in
1329 1565 1411 1604 dies
1435 1569 1479 1603 28

104 1623 227 1673 magis
251 1623 344 1667 erit,
375 1623 406 1661 si
437 1622 592 1673 quidem
621 1622 768 1661 maiore
794 1633 888 1661 cura
919 1621 1218 1660 dominationem
1242 1620 1296 1660 illi
1320 1621 1402 1660 reti-

104 1678 261 1717 nuerint
290 1689 404 1729 quam
430 1689 497 1716 vos
528 1677 783 1728 repetiveritis
812 1676 1043 1717 libertatem.

525 1767 709 1816 Epistula
737 1767 990 1805 Mithridatis.

641 1833 701 1874 (Η.
726 1833 775 1864 IV
798 1831 867 1872 61.)

341 1899 423 1938 Rex
451 1899 692 1938 Mithridates
722 1899 806 1948 regi
835 1898 970 1938 Arsaci
996 1898 1172 1938 salutem.

217 1953 361 1994 Omnes
399 1955 465 2005 qui
501 1953 685 1994 secundis
714 1953 834 1993 rebus
864 1955 942 1993 suis
982 1954 1030 1993 ad
1059 1953 1150 1993 belli
1187 1953 1410 1992 societatem
1436 1961 1453 1993 1

105 2014 279 2054 orantur,
310 2009 558 2049 considerare
595 2009 761 2054 debent,
798 2008 962 2048 liceatne
999 2014 1082 2049 tum
1112 2020 1248 2060 pacem
1283 2019 1412 2059 agere,

58 2077 92 2104 ³5
104 2065 193 2105 dein
211 2065 315 2116 quod
337 2066 536 2116 quaesitur
563 2066 705 2104 satisne
733 2066 840 2115 pium
864 2070 990 2104 tutum
1045 2064 1256 2114 gloriosum
1286 2075 1334 2103 an
1355 2065 1412 2102 in·

104 2120 291 2160 decorum
321 2121 380 2159 sit.
414 2120 500 2160 Tibi
529 2126 717 2171 perpetua
747 2132 842 2171 pace
868 2120 945 2160 srui
973 2119 1081 2165 licet,
1114 2120 1269 2170 egregia
1298 2119 1410 2163 sama,
1435 2130 1456 2160 2

104 2177 137 2215 si
164 2175 360 2215 Romanos
391 2175 646 2227 obpresseris,
677 2175 806 2214 sutura
837 2181 906 2214 est.
947 2174 1030 2215 Nisi
1051 2174 1181 2213 hostes
1204 2175 1412 2226 opportuni

103 2235 141 2270 et
159 2230 455 2276 scelestissumi,
487 2243 614 2283 neque
634 2236 767 2281 petere
792 2230 954 2270 audeam
973 2232 1194 2270 societatem
1214 2235 1251 2269 et
1268 2229 1410 2269 frustra

57 1799 91 1827 ³0
