1537 2512
175 73 226 112 30
426 86 481 111 DE
511 86 738 112 CATILINAE
769 85 1085 113 ‘'GNIVRATIONE
1114 85 1151 112 C·
1172 80 1229 114 52·

177 184 223 223 de
253 183 386 222 inseris
409 188 694 228 memorantur,
726 183 878 222 divorso
901 184 1037 222 itinere
1062 183 1183 222 malos
1210 195 1228 222 a
1260 183 1372 223 bonis
1392 183 1475 225 loca

124 254 161 285 14
177 244 297 279 taetra
314 238 468 283 inculta,
490 239 602 277 foeda
626 243 739 290 atque
761 238 1012 278 formidulosa
1032 238 1190 278 habere.
1230 239 1365 291 Itaque
1386 251 1476 280 cen-

176 296 249 334 suit
277 295 460 345 pecunias
497 306 633 333 eorum
664 293 928 344 publicandas,
959 295 1062 345 ipsos
1095 306 1169 357 per
1194 295 1402 345 municipia
1437 296 1476 334 in
1531 275 1537 311 ¹

177 350 356 389 custodiis
376 349 589 393 habendos,
614 349 788 388 videlicet
809 350 960 394 timens,
982 361 1044 394 ne,
1073 350 1104 388 si
1124 349 1269 388 Romae
1290 350 1383 394 sint,
1411 355 1477 389 aut
1533 367 1537 393 ι

176 419 195 444 a
220 405 472 456 popularibus
496 405 770 444 coniurationis
793 411 857 443 aut
881 417 901 443 a
925 404 1168 444 multitudino
1196 404 1387 444 conducta
1406 417 1507 456 pers
1534 424 1537 446 ι

123 461 250 509 15vim
267 461 490 511 eripiantui.
530 459 647 506 Quasi
669 471 757 499 xero
778 459 867 498 mali
889 465 1002 510 atque
1026 459 1178 499 scelesti
1193 464 1342 499 tantum
1361 461 1477 499 modo
1526 451 1537 523 ξ

176 519 213 556 in
236 516 333 556 urbe
356 520 393 554 et
412 527 489 553 non
510 526 580 565 per
594 520 715 554 totam
737 515 882 554 Italiam
904 516 989 559 sint,
1009 520 1169 554 autnon
1188 514 1240 554 ibi
1256 514 1353 566 plus
1357 517 1479 567 possit

124 588 164 620 1ss
179 572 357 615 audacia,
388 570 456 609 ubi
485 570 532 609 ad
564 570 854 609 defendundum
877 582 969 621 opes
990 571 1160 609 minores
1191 574 1291 609 sunt
1322 571 1404 617 Qua
1435 583 1478 610 re
1530 573 1537 609 1

177 639 319 667 xanum
342 626 518 689 equidem
539 625 613 664 hoc
634 625 835 665 consilium
852 631 919 670 est,
944 626 975 665 si
995 626 1211 676 periculum
1234 638 1280 665 ex
1301 625 1374 665 iuis
1396 638 1477 665 me·
1533 649 1537 680 3

179 685 267 724 tuit:
299 683 357 720 sin
380 682 418 720 in
438 686 543 720 tanto
567 682 737 720 omnium
760 685 865 720 metu
896 681 999 720 solus
1029 693 1107 720 non
1130 682 1258 726 timet,
1288 693 1334 720 eo
1356 682 1537 731 magis1o2

123 751 162 783 17
176 739 298 780 refert
323 749 385 776 me
403 737 496 775 mihi
521 741 633 788 atque
654 737 761 775 vobis
782 737 930 776 timere.
973 737 1054 783 Qua
1078 749 1121 776 re
1145 749 1233 776 cum
1254 736 1301 775 de
1316 736 1358 775 P.
1379 737 1479 776 Len·
1535 748 1537 765 l

176 795 256 834 tulo
280 793 494 843 ceterisque
522 793 716 836 statuetis,
747 804 817 843 pro
850 798 955 831 certo
979 792 1179 838 habetote,
1211 803 1278 831 vos
1298 792 1411 831 simul
1432 792 1479 831 de

124 863 163 896 18
178 850 348 890 exercitu
359 848 540 887 Catilinae
552 853 588 886 et
604 848 650 886 de
665 847 842 886 omnibus
860 848 1067 887 coniuratis
1084 848 1308 887 decernere.
1327 848 1479 894 Quanto
1535 886 1537 899 ξ

178 918 243 944 vos
273 905 464 944 adtentius
484 915 527 942 ea
549 905 692 953 agetis,
719 907 825 942 tanto
846 902 918 942 illis
941 904 1088 942 animus
1109 903 1297 942 infirmior
1326 904 1418 942 erit:
1448 903 1480 942 si
1535 927 1537 939 .

177 960 376 1012 paululum
406 959 520 998 modo
550 971 617 997 vos
643 958 829 1009 languere
858 959 1030 1003 viderint,
1062 960 1137 998 iam
1166 969 1301 998 omnes
1330 959 1537 1016 seroces152

180 1017 355 1056 aderunt.
1535 1027 1537 1030 ⁴

126 1081 167 1114 19
292 1070 417 1110 Nolite
438 1071 669 1109 existumare
692 1070 856 1108 maiores
877 1074 1029 1107 nostros
1046 1071 1162 1108 armis
1182 1081 1265 1108 rem
1285 1068 1480 1120 publicam

122 1139 165 1172 20
181 1139 225 1167 ex
242 1138 360 1178 parva
374 1136 555 1174 magnam
566 1125 717 1163 fecisse.
741 1124 781 1163 Si
797 1126 848 1163 ita
864 1137 928 1163 res
939 1131 1050 1169 esset,
1061 1124 1184 1163 multo
1191 1124 1480 1176 pulcerrumam
1531 1160 1534 1161 γ

177 1194 262 1223 eam
281 1193 353 1220 nos
373 1180 627 1219 haberemus:
657 1180 797 1230 quippe
823 1180 1017 1218 sociorum
1040 1184 1155 1230 atquc
1179 1181 1334 1223 civium,
1367 1191 1479 1231 prae·
1533 1180 1537 1223 ζ

177 1244 283 1277 terea
321 1247 519 1275 armorum
549 1240 661 1285 atque
704 1246 892 1285 equorum
930 1236 1052 1273 maior
1080 1236 1188 1285 copia
1220 1235 1332 1274 nobis
1363 1247 1478 1287 quam
1493 1249 1527 1276 πο

123 1293 250 1333 ‘21illis
282 1297 350 1331 est.
412 1290 477 1329 Set
507 1289 577 1328 alia
606 1290 733 1333 suere,
767 1302 864 1340 quae
892 1289 976 1328 illos
1007 1301 1168 1340 magnos
1199 1291 1348 1336 secere,
1380 1303 1479 1340 quae
1535 1317 1537 1322 ι

180 1348 291 1387 nobis
320 1345 423 1385 nulla
454 1351 560 1385 sunt:
594 1346 695 1384 domi
726 1345 912 1384 industria
963 1346 1055 1384 foris
1087 1347 1230 1385 iustum
1272 1347 1479 1398 imperium
1535 1343 1537 1382 Ϊ

181 1405 330 1443 animus
354 1402 392 1440 in
424 1401 659 1440 consulundo
691 1400 805 1444 liber,
842 1412 968 1452 neque
993 1400 1131 1440 delicto
1162 1414 1288 1453 neque
1318 1401 1480 1440 lubidini
1534 1404 1537 1446 j

122 1466 164 1497 2³2
182 1459 382 1500 obnoxius.
415 1457 491 1496 Pro
515 1456 574 1495 his
604 1468 674 1494 nos
702 1456 892 1495 habemus
913 1456 1104 1495 luxuriam
1132 1462 1247 1508 atque
1269 1457 1477 1500 avaritiam,

180 1514 333 1565 publice
365 1517 573 1563 egestatem
603 1512 778 1562 privatim
808 1511 1061 1562 opulentiam:
1094 1513 1295 1552 laudamus
1317 1513 1476 1557 divitias,
1490 1528 1537 1557 2⁵,

181 1570 379 1620 sequimur
403 1569 597 1606 inertiam:
625 1568 723 1606 inter
746 1566 868 1605 bonos
890 1572 925 1607 et
947 1567 1066 1607 malos
1086 1568 1293 1608 discrimen
1316 1567 1477 1612 nullum,

124 1631 166 1663 23
181 1626 306 1663 omnia
328 1625 476 1662 virtutis
497 1624 665 1673 praemia
684 1622 839 1661 ambitio
861 1624 1040 1672 possidet.
1076 1623 1208 1675 Neque
1228 1625 1388 1663 mirum:
1413 1623 1480 1663 ubi
1534 1624 1537 1635 “

181 1692 246 1718 vos
271 1680 475 1730 separatim
505 1678 576 1716 sibi
603 1679 764 1729 quisque
790 1678 989 1717 consilium
1013 1680 1164 1729 capitis,
1196 1679 1262 1718 ubi
1290 1680 1392 1718 domi
1413 1691 1479 1717 vo-

179 1735 399 1786 luptatibus,
423 1734 483 1773 hic
500 1735 686 1785 pecuniae
708 1737 772 1771 aut
789 1735 931 1782 gratiae
954 1735 1114 1778 servitis,
1131 1747 1176 1774 eo
1199 1735 1251 1778 fit,
1269 1740 1310 1774 ut
1326 1736 1480 1786 inpetus

180 1792 243 1830 fiat
273 1792 309 1829 in
341 1802 498 1829 vacuam
521 1802 602 1829 rem
634 1788 838 1839 publicam.
1491 1806 1537 1833 30-

125 1856 166 1886 24
291 1847 357 1885 Set
378 1856 449 1895 ego
470 1846 565 1884 haec
582 1846 726 1883 omitto.
763 1844 1019 1884 Coniuravere
1036 1845 1274 1886 nobilissumi
1291 1847 1391 1885 cives
1411 1857 1478 1898 pa·

183 1903 293 1941 triam
326 1901 552 1944 incendere,
591 1899 787 1941 Gallorum
822 1905 975 1949 gentem
1006 1902 1302 1941 infestissumam
1332 1902 1478 1940 nomini
1536 1914 1537 1917 ¹

182 1957 354 1995 Romano
385 1956 431 1995 ad
461 1956 604 1995 bellum
636 1961 858 1999 accersunt,
893 1956 969 1994 dux
995 1957 1161 1996 bostium
1190 1969 1276 1996 cum
1305 1958 1476 1996 exercitu
1536 1995 1537 1999 ,

124 2018 165 2047 23
180 2024 294 2062 supra
318 2017 431 2062 caput
448 2017 521 2051 est:
546 2024 611 2050 vos
632 2012 863 2050 cunctamini
883 2013 995 2051 etiam
1011 2024 1126 2057 nnnc,
1148 2013 1238 2064 quid
1257 2014 1354 2051 intra
1371 2024 1476 2051 moe-

125 2069 242 2106 ·2ssnia
270 2067 523 2118 deprehensis
549 2067 724 2106 hostibus
755 2067 920 2105 faciatis?
976 2068 1230 2107 Misereamini
1260 2079 1398 2107 censeo
1428 2079 1537 2107 —351

181 2123 377 2174 deliquere
409 2123 584 2161 homines
609 2122 883 2160 adulescentuli
914 2135 982 2172 per
1007 2123 1253 2162 ambitionem
1285 2145 1329 2151 —
1363 2127 1477 2175 atque
1523 2125 1537 2170 a}

127 2188 165 2218 27
184 2180 294 2217 etiam
318 2183 485 2217 armatos
506 2179 711 2218 dimittatis,
743 2179 799 2219 Ne
816 2180 889 2217 ista
901 2178 1005 2218 vobis
1027 2179 1281 2218 mansuetudo
1308 2183 1345 2217 et
1363 2179 1475 2218 mise·
1534 2190 1537 2236 j

126 2234 358 2277 micantia,
386 2235 416 2272 si
438 2234 487 2272 illi
510 2246 614 2272 arma
642 2234 824 2283 ceperint,
853 2238 885 2274 in
912 2238 1100 2276 iniseriam
1127 2239 1339 2273 convortat.
1396 2234 1476 2274 Sci·
1532 2256 1537 2264 ‹

1524 2341 1537 2512 ἑ
