<?xml version="1.0" encoding="UTF-8"?>
<!DOCTYPE html PUBLIC "-//W3C//DTD XHTML 1.0 Transitional//EN"
    "http://www.w3.org/TR/xhtml1/DTD/xhtml1-transitional.dtd">
<html xmlns="http://www.w3.org/1999/xhtml" xml:lang="en" lang="en">
 <head>
  <title>
</title>
<meta http-equiv="Content-Type" content="text/html;charset=utf-8" />
  <meta name='ocr-system' content='tesseract 3.04.00' />
  <meta name='ocr-capabilities' content='ocr_page ocr_carea ocr_par ocr_line ocrx_word'/>
</head>
<body>
  <div class='ocr_page' id='page_1' title='image "./libridecatilinae00salluoft_0018.png"; bbox 0 0 1512 2512; ppageno 0'>
   <div class='ocr_carea' id='block_1_1' title="bbox 90 103 867 130">
    <p class='ocr_par' dir='ltr' id='par_1_1' title="bbox 90 103 867 130">
     <span class='ocr_line' id='line_1_1' title="bbox 90 103 867 130; baseline 0 0"><span class='ocrx_word' id='word_1_1' title='bbox 90 105 116 130; x_wconf 78' lang='lat' dir='ltr'>X</span> <span class='ocrx_word' id='word_1_2' title='bbox 617 103 867 130; x_wconf 78' lang='lat' dir='ltr'>PRAEFATIO.</span> 
     </span>
    </p>
   </div>
   <div class='ocr_carea' id='block_1_2' title="bbox 89 177 1399 533">
    <p class='ocr_par' dir='ltr' id='par_1_2' title="bbox 90 177 1397 268">
     <span class='ocr_line' id='line_1_2' title="bbox 90 177 1397 225; baseline 0.001 -13"><span class='ocrx_word' id='word_1_3' title='bbox 90 189 121 214; x_wconf 81' lang='lat' dir='ltr'>c.</span> <span class='ocrx_word' id='word_1_4' title='bbox 138 177 184 225; x_wconf 91' lang='lat'>1.]</span> <span class='ocrx_word' id='word_1_5' title='bbox 211 177 322 224; x_wconf 71' lang='lat' dir='ltr'>[iam]</span> <span class='ocrx_word' id='word_1_6' title='bbox 348 196 391 203; x_wconf 90' lang='lat'><strong>—</strong></span> <span class='ocrx_word' id='word_1_7' title='bbox 417 190 501 222; x_wconf 82' lang='lat' dir='ltr'>quae</span> <span class='ocrx_word' id='word_1_8' title='bbox 524 181 651 212; x_wconf 84' lang='lat' dir='ltr'>leviora</span> <span class='ocrx_word' id='word_1_9' title='bbox 673 177 754 221; x_wconf 79' lang='lat' dir='ltr'>sint]</span> <span class='ocrx_word' id='word_1_10' title='bbox 782 190 866 221; x_wconf 81' lang='lat' dir='ltr'>quae</span> <span class='ocrx_word' id='word_1_11' title='bbox 890 180 1015 212; x_wconf 83' lang='lat' dir='ltr'>leviora</span> <span class='ocrx_word' id='word_1_12' title='bbox 1038 183 1114 211; x_wconf 83' lang='lat' dir='ltr'>sunt</span> <span class='ocrx_word' id='word_1_13' title='bbox 1138 179 1162 211; x_wconf 88' lang='grc' dir='ltr'>Ι.</span> <span class='ocrx_word' id='word_1_14' title='bbox 1200 179 1293 212; x_wconf 82' lang='lat' dir='ltr'>Talia</span> <span class='ocrx_word' id='word_1_15' title='bbox 1317 190 1397 213; x_wconf 86' lang='lat' dir='ltr'>con·</span> 
     </span>
     <span class='ocr_line' id='line_1_3' title="bbox 90 222 1396 268; baseline 0 -11"><span class='ocrx_word' id='word_1_16' title='bbox 90 224 231 268; x_wconf 85' lang='lat' dir='ltr'>rigenda</span> <span class='ocrx_word' id='word_1_17' title='bbox 261 235 336 257; x_wconf 89' lang='lat' dir='ltr'>esse</span> <span class='ocrx_word' id='word_1_18' title='bbox 366 224 549 263; x_wconf 87' lang='lat' dir='ltr'>contendo,</span> <span class='ocrx_word' id='word_1_19' title='bbox 581 224 741 264; x_wconf 84' lang='lat' dir='ltr'>quamdiu</span> <span class='ocrx_word' id='word_1_20' title='bbox 773 222 968 256; x_wconf 81' lang='lat' dir='ltr'>Sallustium</span> <span class='ocrx_word' id='word_1_21' title='bbox 998 223 1039 255; x_wconf 82' lang='lat' dir='ltr'>ab</span> <span class='ocrx_word' id='word_1_22' title='bbox 1070 232 1152 256; x_wconf 85' lang='lat' dir='ltr'>suae</span> <span class='ocrx_word' id='word_1_23' title='bbox 1180 225 1297 257; x_wconf 77' lang='lat' dir='ltr'>aetatis</span> <span class='ocrx_word' id='word_1_24' title='bbox 1321 225 1396 257; x_wconf 89' lang='lat' dir='ltr'>dili-</span> 
     </span>
    </p>

    <p class='ocr_par' dir='ltr' id='par_1_3' title="bbox 89 267 1399 533">
     <span class='ocr_line' id='line_1_4' title="bbox 119 267 1396 310; baseline 0.001 -8"><span class='ocrx_word' id='word_1_25' title='bbox 119 271 207 302; x_wconf 87' lang='lat' dir='ltr'>entia</span> <span class='ocrx_word' id='word_1_26' title='bbox 238 277 360 301; x_wconf 88' lang='lat' dir='ltr'>temere</span> <span class='ocrx_word' id='word_1_27' title='bbox 399 269 600 300; x_wconf 78' lang='lat' dir='ltr'>discessisse</span> <span class='ocrx_word' id='word_1_28' title='bbox 635 277 704 300; x_wconf 89' lang='lat' dir='ltr'>non</span> <span class='ocrx_word' id='word_1_29' title='bbox 741 267 878 310; x_wconf 89' lang='lat' dir='ltr'>planum</span> <span class='ocrx_word' id='word_1_30' title='bbox 914 267 1038 300; x_wconf 81' lang='lat' dir='ltr'>factum</span> <span class='ocrx_word' id='word_1_31' title='bbox 1069 268 1178 301; x_wconf 83' lang='lat' dir='ltr'>fuerit.</span> <span class='ocrx_word' id='word_1_32' title='bbox 1207 285 1251 292; x_wconf 91' lang='lat'>—</span> <span class='ocrx_word' id='word_1_33' title='bbox 1291 270 1346 307; x_wconf 81' lang='grc'>54,</span> <span class='ocrx_word' id='word_1_34' title='bbox 1363 271 1396 303; x_wconf 84' lang='grc'><strong>5.</strong></span> 
     </span>
     <span class='ocr_line' id='line_1_5' title="bbox 93 281 1396 358; baseline 0 -11"><span class='ocrx_word' id='word_1_35' title='bbox 93 281 162 358; x_wconf 51' lang='lat' dir='ltr'>fin]</span> <span class='ocrx_word' id='word_1_36' title='bbox 189 311 277 356; x_wconf 83' lang='lat' dir='ltr'>acie]</span> <span class='ocrx_word' id='word_1_37' title='bbox 303 315 338 346; x_wconf 84' lang='lat' dir='ltr'>in</span> <span class='ocrx_word' id='word_1_38' title='bbox 361 314 433 346; x_wconf 81' lang='lat' dir='ltr'>acie</span> <span class='ocrx_word' id='word_1_39' title='bbox 457 312 482 345; x_wconf 91' lang='grc' dir='ltr'>Ι.</span> <span class='ocrx_word' id='word_1_40' title='bbox 509 330 552 335; x_wconf 92' lang='lat'>——</span> <span class='ocrx_word' id='word_1_41' title='bbox 577 313 630 351; x_wconf 83' lang='lat'><strong>54,</strong></span> <span class='ocrx_word' id='word_1_42' title='bbox 649 313 681 344; x_wconf 90' lang='lat'><strong>6.</strong></span> <span class='ocrx_word' id='word_1_43' title='bbox 707 313 873 352; x_wconf 78' lang='lat' dir='ltr'>interficit,</span> <span class='ocrx_word' id='word_1_44' title='bbox 902 313 992 345; x_wconf 80' lang='lat' dir='ltr'>iubet</span> <span class='ocrx_word' id='word_1_45' title='bbox 1015 310 1100 355; x_wconf 83' lang='lat' dir='ltr'>alia]</span> <span class='ocrx_word' id='word_1_46' title='bbox 1130 314 1276 353; x_wconf 80' lang='lat' dir='ltr'>interfici</span> <span class='ocrx_word' id='word_1_47' title='bbox 1296 314 1396 354; x_wconf 76' lang='lat' dir='ltr'>iubet,</span> 
     </span>
     <span class='ocr_line' id='line_1_6' title="bbox 91 356 1398 400; baseline 0 -9"><span class='ocrx_word' id='word_1_48' title='bbox 91 360 159 392; x_wconf 76' lang='lat' dir='ltr'>alia</span> <span class='ocrx_word' id='word_1_49' title='bbox 183 359 208 390; x_wconf 93' lang='grc' dir='ltr'>Ι.</span> <span class='ocrx_word' id='word_1_50' title='bbox 250 358 310 389; x_wconf 84' lang='lat' dir='ltr'>Hie</span> <span class='ocrx_word' id='word_1_51' title='bbox 336 357 484 400; x_wconf 78' lang='lat' dir='ltr'>optumis</span> <span class='ocrx_word' id='word_1_52' title='bbox 508 357 602 389; x_wconf 88' lang='lat' dir='ltr'>libris</span> <span class='ocrx_word' id='word_1_53' title='bbox 627 357 703 399; x_wconf 87' lang='lat' dir='ltr'>plus</span> <span class='ocrx_word' id='word_1_54' title='bbox 729 356 805 389; x_wconf 89' lang='lat' dir='ltr'>fidei</span> <span class='ocrx_word' id='word_1_55' title='bbox 826 357 939 396; x_wconf 88' lang='lat' dir='ltr'>tribui,</span> <span class='ocrx_word' id='word_1_56' title='bbox 965 367 1064 397; x_wconf 90' lang='lat' dir='ltr'>quam</span> <span class='ocrx_word' id='word_1_57' title='bbox 1081 357 1147 390; x_wconf 89' lang='lat' dir='ltr'>ille.</span> <span class='ocrx_word' id='word_1_58' title='bbox 1164 374 1208 381; x_wconf 87' lang='lat'>—</span> <span class='ocrx_word' id='word_1_59' title='bbox 1232 359 1287 397; x_wconf 89' lang='lat'><strong>55,</strong></span> <span class='ocrx_word' id='word_1_60' title='bbox 1307 360 1336 391; x_wconf 88' lang='lat'>1.</span> <span class='ocrx_word' id='word_1_61' title='bbox 1363 362 1398 391; x_wconf 70' lang='lat' dir='ltr'>ut</span> 
     </span>
     <span class='ocr_line' id='line_1_7' title="bbox 89 400 1397 445; baseline -0.001 -9"><span class='ocrx_word' id='word_1_62' title='bbox 89 407 124 436; x_wconf 82' lang='lat' dir='ltr'>in</span> <span class='ocrx_word' id='word_1_63' title='bbox 147 404 291 436; x_wconf 84' lang='lat' dir='ltr'>advorso</span> <span class='ocrx_word' id='word_1_64' title='bbox 315 413 345 435; x_wconf 88' lang='lat' dir='ltr'>c.</span> <span class='ocrx_word' id='word_1_65' title='bbox 362 400 402 444; x_wconf 89' lang='grc'>1.]</span> <span class='ocrx_word' id='word_1_66' title='bbox 428 404 462 434; x_wconf 82' lang='grc' dir='ltr'>ἰη</span> <span class='ocrx_word' id='word_1_67' title='bbox 486 403 640 435; x_wconf 84' lang='lat' dir='ltr'>advorso.</span> <span class='ocrx_word' id='word_1_68' title='bbox 679 401 722 435; x_wconf 87' lang='lat' dir='ltr'>Ut</span> <span class='ocrx_word' id='word_1_69' title='bbox 746 402 878 440; x_wconf 87' lang='lat' dir='ltr'>reduxi,</span> <span class='ocrx_word' id='word_1_70' title='bbox 904 411 946 433; x_wconf 91' lang='lat' dir='ltr'>ne</span> <span class='ocrx_word' id='word_1_71' title='bbox 963 400 1159 433; x_wconf 79' lang='lat' dir='ltr'>Sallustiani</span> <span class='ocrx_word' id='word_1_72' title='bbox 1183 402 1315 434; x_wconf 88' lang='lat' dir='ltr'>dicendi</span> <span class='ocrx_word' id='word_1_73' title='bbox 1339 413 1397 445; x_wconf 81' lang='lat' dir='ltr'>ge—</span> 
     </span>
     <span class='ocr_line' id='line_1_8' title="bbox 90 445 1399 490; baseline -0.001 -10"><span class='ocrx_word' id='word_1_74' title='bbox 90 449 181 480; x_wconf 87' lang='lat' dir='ltr'>neris</span> <span class='ocrx_word' id='word_1_75' title='bbox 205 448 444 490; x_wconf 81' lang='lat' dir='ltr'>proprietatem</span> <span class='ocrx_word' id='word_1_76' title='bbox 468 453 592 478; x_wconf 87' lang='lat' dir='ltr'>temere</span> <span class='ocrx_word' id='word_1_77' title='bbox 616 446 725 478; x_wconf 89' lang='lat' dir='ltr'>delere</span> <span class='ocrx_word' id='word_1_78' title='bbox 748 446 832 478; x_wconf 79' lang='lat' dir='ltr'>velle</span> <span class='ocrx_word' id='word_1_79' title='bbox 855 447 996 478; x_wconf 89' lang='lat' dir='ltr'>viderer.</span> <span class='ocrx_word' id='word_1_80' title='bbox 1017 463 1060 469; x_wconf 92' lang='lat'>-—</span> <span class='ocrx_word' id='word_1_81' title='bbox 1085 447 1138 485; x_wconf 85' lang='lat'><strong>55,</strong></span> <span class='ocrx_word' id='word_1_82' title='bbox 1155 448 1186 478; x_wconf 81' lang='lat'>4.</span> <span class='ocrx_word' id='word_1_83' title='bbox 1211 445 1313 479; x_wconf 89' lang='lat' dir='ltr'>Uncis</span> <span class='ocrx_word' id='word_1_84' title='bbox 1338 457 1399 479; x_wconf 89' lang='lat' dir='ltr'>vo·</span> 
     </span>
     <span class='ocr_line' id='line_1_9' title="bbox 90 490 1398 533; baseline 0 -9"><span class='ocrx_word' id='word_1_85' title='bbox 90 491 208 525; x_wconf 84' lang='lat' dir='ltr'>cabulo</span> <span class='ocrx_word' id='word_1_86' title='bbox 233 493 340 524; x_wconf 83' lang='lat' dir='ltr'>animo</span> <span class='ocrx_word' id='word_1_87' title='bbox 365 491 504 523; x_wconf 76' lang='lat' dir='ltr'>adiectis</span> <span class='ocrx_word' id='word_1_88' title='bbox 529 490 754 533; x_wconf 79' lang='lat' dir='ltr'>significatum</span> <span class='ocrx_word' id='word_1_89' title='bbox 780 491 882 529; x_wconf 86' lang='lat' dir='ltr'>volui,</span> <span class='ocrx_word' id='word_1_90' title='bbox 908 490 1001 529; x_wconf 88' lang='lat' dir='ltr'>illud,</span> <span class='ocrx_word' id='word_1_91' title='bbox 1032 492 1186 531; x_wconf 87' lang='lat' dir='ltr'>quamvis</span> <span class='ocrx_word' id='word_1_92' title='bbox 1211 501 1270 533; x_wconf 88' lang='lat' dir='ltr'>per</span> <span class='ocrx_word' id='word_1_93' title='bbox 1293 491 1398 524; x_wconf 85' lang='lat' dir='ltr'>libros</span> 
     </span>
    </p>
   </div>
   <div class='ocr_carea' id='block_1_3' title="bbox 91 535 1441 580">
    <p class='ocr_par' dir='ltr' id='par_1_4' title="bbox 91 535 1441 580">
     <span class='ocr_line' id='line_1_10' title="bbox 91 535 1441 580; baseline 0 -11"><span class='ocrx_word' id='word_1_94' title='bbox 91 544 251 580; x_wconf 89' lang='lat' dir='ltr'>optumos</span> <span class='ocrx_word' id='word_1_95' title='bbox 277 545 342 568; x_wconf 89' lang='lat' dir='ltr'>non</span> <span class='ocrx_word' id='word_1_96' title='bbox 368 536 656 574; x_wconf 87' lang='lat' dir='ltr'>commendatum,</span> <span class='ocrx_word' id='word_1_97' title='bbox 689 542 801 567; x_wconf 84' lang='lat' dir='ltr'>tamen</span> <span class='ocrx_word' id='word_1_98' title='bbox 830 535 910 567; x_wconf 92' lang='lat' dir='ltr'>mihi</span> <span class='ocrx_word' id='word_1_99' title='bbox 941 536 1081 577; x_wconf 81' lang='lat' dir='ltr'>vestigia</span> <span class='ocrx_word' id='word_1_100' title='bbox 1113 535 1148 567; x_wconf 91' lang='lat' dir='ltr'>in</span> <span class='ocrx_word' id='word_1_101' title='bbox 1177 535 1398 569; x_wconf 84' lang='lat' dir='ltr'>deterioribus</span> <span class='ocrx_word' id='word_1_102' title='bbox 1439 547 1441 549; x_wconf 92' lang='lat'>·</span> 
     </span>
    </p>
   </div>
   <div class='ocr_carea' id='block_1_4' title="bbox 86 580 1402 2226">
    <p class='ocr_par' dir='ltr' id='par_1_5' title="bbox 86 580 1402 2226">
     <span class='ocr_line' id='line_1_11' title="bbox 90 580 1399 623; baseline -0.001 -10"><span class='ocrx_word' id='word_1_103' title='bbox 90 581 262 614; x_wconf 87' lang='lat' dir='ltr'>codicibus</span> <span class='ocrx_word' id='word_1_104' title='bbox 287 581 451 623; x_wconf 85' lang='lat' dir='ltr'>prementi</span> <span class='ocrx_word' id='word_1_105' title='bbox 475 589 543 612; x_wconf 91' lang='lat' dir='ltr'>non</span> <span class='ocrx_word' id='word_1_106' title='bbox 566 587 634 612; x_wconf 82' lang='lat' dir='ltr'>tam</span> <span class='ocrx_word' id='word_1_107' title='bbox 657 590 699 612; x_wconf 84' lang='lat' dir='ltr'>ex</span> <span class='ocrx_word' id='word_1_108' title='bbox 716 580 921 622; x_wconf 81' lang='lat' dir='ltr'>glossemate</span> <span class='ocrx_word' id='word_1_109' title='bbox 938 587 1058 618; x_wconf 80' lang='lat' dir='ltr'>ortum,</span> <span class='ocrx_word' id='word_1_110' title='bbox 1084 589 1185 620; x_wconf 88' lang='lat' dir='ltr'>quam</span> <span class='ocrx_word' id='word_1_111' title='bbox 1202 580 1399 613; x_wconf 86' lang='lat' dir='ltr'>Latinorum</span> 
     </span>
     <span class='ocr_line' id='line_1_12' title="bbox 90 622 1399 667; baseline 0.001 -10"><span class='ocrx_word' id='word_1_112' title='bbox 90 624 325 659; x_wconf 87' lang='lat' dir='ltr'>consuetudini</span> <span class='ocrx_word' id='word_1_113' title='bbox 350 626 528 657; x_wconf 86' lang='lat' dir='ltr'>convenire</span> <span class='ocrx_word' id='word_1_114' title='bbox 543 625 653 656; x_wconf 89' lang='lat' dir='ltr'>visum</span> <span class='ocrx_word' id='word_1_115' title='bbox 671 635 757 657; x_wconf 89' lang='lat' dir='ltr'>esse.</span> <span class='ocrx_word' id='word_1_116' title='bbox 776 642 819 647; x_wconf 91' lang='lat'>—</span> <span class='ocrx_word' id='word_1_117' title='bbox 844 626 898 663; x_wconf 87' lang='lat'>56,</span> <span class='ocrx_word' id='word_1_118' title='bbox 917 626 948 658; x_wconf 90' lang='grc'>5.</span> <span class='ocrx_word' id='word_1_119' title='bbox 971 629 1092 667; x_wconf 69' lang='grc' dir='ltr'>,ρετ-απτ</span> <span class='ocrx_word' id='word_1_120' title='bbox 1115 634 1143 656; x_wconf 91' lang='lat' dir='ltr'>c.</span> <span class='ocrx_word' id='word_1_121' title='bbox 1162 622 1204 667; x_wconf 81' lang='lat' dir='ltr'>L]</span> <span class='ocrx_word' id='word_1_122' title='bbox 1230 630 1342 666; x_wconf 74' lang='lat' dir='ltr'>ayunt.</span> <span class='ocrx_word' id='word_1_123' title='bbox 1355 643 1399 649; x_wconf 93' lang='lat'><strong>—</strong></span> 
     </span>
     <span class='ocr_line' id='line_1_13' title="bbox 89 667 1397 712; baseline -0.001 -9"><span class='ocrx_word' id='word_1_124' title='bbox 89 672 143 711; x_wconf 86' lang='grc'>57,</span> <span class='ocrx_word' id='word_1_125' title='bbox 163 672 194 703; x_wconf 91' lang='grc'>5.</span> <span class='ocrx_word' id='word_1_126' title='bbox 221 670 325 709; x_wconf 84' lang='lat' dir='ltr'>sudis,</span> <span class='ocrx_word' id='word_1_127' title='bbox 346 671 433 712; x_wconf 82' lang='lat' dir='ltr'>pila,</span> <span class='ocrx_word' id='word_1_128' title='bbox 456 674 640 711; x_wconf 83' lang='lat' dir='ltr'>praeterea</span> <span class='ocrx_word' id='word_1_129' title='bbox 658 671 766 710; x_wconf 83' lang='lat' dir='ltr'>picem</span> <span class='ocrx_word' id='word_1_130' title='bbox 781 670 910 708; x_wconf 79' lang='lat' dir='ltr'>sulfure</span> <span class='ocrx_word' id='word_1_131' title='bbox 927 674 960 701; x_wconf 85' lang='lat' dir='ltr'>et</span> <span class='ocrx_word' id='word_1_132' title='bbox 977 669 1078 701; x_wconf 79' lang='lat' dir='ltr'>taeda</span> <span class='ocrx_word' id='word_1_133' title='bbox 1094 670 1230 701; x_wconf 73' lang='lat' dir='ltr'>mixtam</span> <span class='ocrx_word' id='word_1_134' title='bbox 1245 667 1397 712; x_wconf 63' lang='lat' dir='ltr'>ardena]</span> 
     </span>
     <span class='ocr_line' id='line_1_14' title="bbox 88 712 1399 756; baseline -0.002 -9"><span class='ocrx_word' id='word_1_135' title='bbox 88 716 188 748; x_wconf 83' lang='lat' dir='ltr'>sudes</span> <span class='ocrx_word' id='word_1_136' title='bbox 210 716 291 756; x_wconf 82' lang='lat' dir='ltr'>pila,</span> <span class='ocrx_word' id='word_1_137' title='bbox 316 718 500 756; x_wconf 82' lang='lat' dir='ltr'>praeterea</span> <span class='ocrx_word' id='word_1_138' title='bbox 524 731 565 736; x_wconf 94' lang='lat'><strong>—</strong></span> <span class='ocrx_word' id='word_1_139' title='bbox 589 715 746 755; x_wconf 72' lang='lat' dir='ltr'>sulphure</span> <span class='ocrx_word' id='word_1_140' title='bbox 771 731 812 736; x_wconf 93' lang='lat'><strong>—</strong></span> <span class='ocrx_word' id='word_1_141' title='bbox 837 715 994 746; x_wconf 81' lang='lat' dir='ltr'>ardentia</span> <span class='ocrx_word' id='word_1_142' title='bbox 1017 714 1042 747; x_wconf 95' lang='grc' dir='ltr'>Ι.</span> <span class='ocrx_word' id='word_1_143' title='bbox 1090 712 1162 745; x_wconf 87' lang='lat' dir='ltr'>Nisi</span> <span class='ocrx_word' id='word_1_144' title='bbox 1193 714 1269 754; x_wconf 85' lang='lat' dir='ltr'>quis</span> <span class='ocrx_word' id='word_1_145' title='bbox 1299 715 1399 746; x_wconf 85' lang='lat' dir='ltr'>etiam</span> 
     </span>
     <span class='ocr_line' id='line_1_15' title="bbox 89 757 1400 802; baseline 0 -12"><span class='ocrx_word' id='word_1_146' title='bbox 89 759 159 802; x_wconf 87' lang='lat' dir='ltr'>pila</span> <span class='ocrx_word' id='word_1_147' title='bbox 183 766 240 790; x_wconf 89' lang='lat' dir='ltr'>aut</span> <span class='ocrx_word' id='word_1_148' title='bbox 270 766 357 790; x_wconf 88' lang='lat' dir='ltr'>certe</span> <span class='ocrx_word' id='word_1_149' title='bbox 386 759 487 790; x_wconf 89' lang='lat' dir='ltr'>sudes</span> <span class='ocrx_word' id='word_1_150' title='bbox 518 758 668 790; x_wconf 85' lang='lat' dir='ltr'>ardentia</span> <span class='ocrx_word' id='word_1_151' title='bbox 698 759 803 790; x_wconf 80' lang='lat' dir='ltr'>missa</span> <span class='ocrx_word' id='word_1_152' title='bbox 834 768 909 790; x_wconf 89' lang='lat' dir='ltr'>esse</span> <span class='ocrx_word' id='word_1_153' title='bbox 939 768 1014 790; x_wconf 91' lang='lat' dir='ltr'>cum</span> <span class='ocrx_word' id='word_1_154' title='bbox 1045 757 1155 798; x_wconf 81' lang='lat' dir='ltr'>aliqua</span> <span class='ocrx_word' id='word_1_155' title='bbox 1187 758 1255 790; x_wconf 90' lang='lat' dir='ltr'>veri</span> <span class='ocrx_word' id='word_1_156' title='bbox 1287 759 1400 801; x_wconf 89' lang='lat' dir='ltr'>specie</span> 
     </span>
     <span class='ocr_line' id='line_1_16' title="bbox 92 802 1396 845; baseline -0.001 -9"><span class='ocrx_word' id='word_1_157' title='bbox 92 803 291 842; x_wconf 83' lang='lat' dir='ltr'>ostenderit,</span> <span class='ocrx_word' id='word_1_158' title='bbox 318 813 380 845; x_wconf 81' lang='lat' dir='ltr'>ego</span> <span class='ocrx_word' id='word_1_159' title='bbox 404 803 559 843; x_wconf 86' lang='lat' dir='ltr'>equidem</span> <span class='ocrx_word' id='word_1_160' title='bbox 583 804 720 835; x_wconf 82' lang='lat' dir='ltr'>ardenti</span> <span class='ocrx_word' id='word_1_161' title='bbox 742 803 883 834; x_wconf 83' lang='lat' dir='ltr'>retinere</span> <span class='ocrx_word' id='word_1_162' title='bbox 907 803 1056 842; x_wconf 84' lang='lat' dir='ltr'>audebo,</span> <span class='ocrx_word' id='word_1_163' title='bbox 1086 802 1302 834; x_wconf 81' lang='lat' dir='ltr'>confirmatus</span> <span class='ocrx_word' id='word_1_164' title='bbox 1327 813 1396 835; x_wconf 87' lang='lat' dir='ltr'>ma·</span> 
     </span>
     <span class='ocr_line' id='line_1_17' title="bbox 89 845 1397 890; baseline -0.001 -9"><span class='ocrx_word' id='word_1_165' title='bbox 89 858 192 881; x_wconf 82' lang='lat' dir='ltr'>xume</span> <span class='ocrx_word' id='word_1_166' title='bbox 216 848 290 879; x_wconf 89' lang='lat' dir='ltr'>loco</span> <span class='ocrx_word' id='word_1_167' title='bbox 315 848 370 886; x_wconf 88' lang='grc'>60,</span> <span class='ocrx_word' id='word_1_168' title='bbox 389 849 421 879; x_wconf 91' lang='grc'>6.</span> <span class='ocrx_word' id='word_1_169' title='bbox 439 865 482 870; x_wconf 92' lang='lat'>--</span> <span class='ocrx_word' id='word_1_170' title='bbox 508 848 562 883; x_wconf 87' lang='lat'>58,</span> <span class='ocrx_word' id='word_1_171' title='bbox 580 849 613 879; x_wconf 83' lang='lat'>4.</span> <span class='ocrx_word' id='word_1_172' title='bbox 641 849 806 879; x_wconf 77' lang='lat' dir='ltr'>tumultum</span> <span class='ocrx_word' id='word_1_173' title='bbox 821 845 987 890; x_wconf 74' lang='lat' dir='ltr'>hostilem]</span> <span class='ocrx_word' id='word_1_174' title='bbox 1013 849 1188 880; x_wconf 80' lang='lat' dir='ltr'>clamorem</span> <span class='ocrx_word' id='word_1_175' title='bbox 1205 847 1355 880; x_wconf 75' lang='lat' dir='ltr'>hostilem</span> <span class='ocrx_word' id='word_1_176' title='bbox 1371 847 1397 880; x_wconf 91' lang='lat'>1.</span> 
     </span>
     <span class='ocr_line' id='line_1_18' title="bbox 89 892 1399 934; baseline -0.002 -9"><span class='ocrx_word' id='word_1_177' title='bbox 89 895 159 925; x_wconf 78' lang='lat' dir='ltr'>Aut</span> <span class='ocrx_word' id='word_1_178' title='bbox 181 896 357 925; x_wconf 82' lang='lat' dir='ltr'>clamorem</span> <span class='ocrx_word' id='word_1_179' title='bbox 381 899 438 923; x_wconf 85' lang='lat' dir='ltr'>aut</span> <span class='ocrx_word' id='word_1_180' title='bbox 462 893 627 924; x_wconf 78' lang='lat' dir='ltr'>tumultum</span> <span class='ocrx_word' id='word_1_181' title='bbox 652 902 711 934; x_wconf 88' lang='lat' dir='ltr'>pro</span> <span class='ocrx_word' id='word_1_182' title='bbox 730 892 934 934; x_wconf 81' lang='lat' dir='ltr'>glossemate</span> <span class='ocrx_word' id='word_1_183' title='bbox 958 892 1149 923; x_wconf 89' lang='lat' dir='ltr'>habendum</span> <span class='ocrx_word' id='word_1_184' title='bbox 1174 902 1249 924; x_wconf 88' lang='lat' dir='ltr'>esse</span> <span class='ocrx_word' id='word_1_185' title='bbox 1273 899 1399 924; x_wconf 84' lang='lat' dir='ltr'>certum</span> 
     </span>
     <span class='ocr_line' id='line_1_19' title="bbox 90 936 1398 979; baseline -0.001 -10"><span class='ocrx_word' id='word_1_186' title='bbox 90 947 150 970; x_wconf 85' lang='lat' dir='ltr'>est.</span> <span class='ocrx_word' id='word_1_187' title='bbox 201 936 259 969; x_wconf 89' lang='lat' dir='ltr'>Set</span> <span class='ocrx_word' id='word_1_188' title='bbox 290 936 543 979; x_wconf 87' lang='lat' dir='ltr'>grammaticum</span> <span class='ocrx_word' id='word_1_189' title='bbox 578 937 745 976; x_wconf 86' lang='lat' dir='ltr'>quendam</span> <span class='ocrx_word' id='word_1_190' title='bbox 776 936 818 968; x_wconf 86' lang='lat' dir='ltr'>ad</span> <span class='ocrx_word' id='word_1_191' title='bbox 847 937 1022 969; x_wconf 85' lang='lat' dir='ltr'>clamorem</span> <span class='ocrx_word' id='word_1_192' title='bbox 1057 936 1248 978; x_wconf 77' lang='lat' dir='ltr'>explicandi</span> <span class='ocrx_word' id='word_1_193' title='bbox 1279 946 1398 969; x_wconf 78' lang='lat' dir='ltr'>caussa</span> 
     </span>
     <span class='ocr_line' id='line_1_20' title="bbox 89 981 1402 1023; baseline 0 -9"><span class='ocrx_word' id='word_1_194' title='bbox 89 983 254 1014; x_wconf 78' lang='lat' dir='ltr'>tumultum</span> <span class='ocrx_word' id='word_1_195' title='bbox 285 982 512 1023; x_wconf 84' lang='lat' dir='ltr'>adscripisse‚</span> <span class='ocrx_word' id='word_1_196' title='bbox 549 981 640 1021; x_wconf 90' lang='lat' dir='ltr'>quod</span> <span class='ocrx_word' id='word_1_197' title='bbox 670 982 704 1012; x_wconf 90' lang='lat' dir='ltr'>in</span> <span class='ocrx_word' id='word_1_198' title='bbox 735 981 993 1021; x_wconf 84' lang='lat' dir='ltr'>antiquissumis</span> <span class='ocrx_word' id='word_1_199' title='bbox 1023 981 1115 1012; x_wconf 86' lang='lat' dir='ltr'>libris</span> <span class='ocrx_word' id='word_1_200' title='bbox 1153 987 1203 1013; x_wconf 89' lang='lat' dir='ltr'>est</span> <span class='ocrx_word' id='word_1_201' title='bbox 1226 982 1402 1014; x_wconf 83' lang='lat' dir='ltr'>clamorem</span> 
     </span>
     <span class='ocr_line' id='line_1_21' title="bbox 89 1024 1400 1068; baseline 0 -10"><span class='ocrx_word' id='word_1_202' title='bbox 89 1028 140 1059; x_wconf 83' lang='lat' dir='ltr'>vel</span> <span class='ocrx_word' id='word_1_203' title='bbox 160 1027 324 1059; x_wconf 76' lang='lat' dir='ltr'>tumultum</span> <span class='ocrx_word' id='word_1_204' title='bbox 355 1035 474 1068; x_wconf 87' lang='lat' dir='ltr'>parum</span> <span class='ocrx_word' id='word_1_205' title='bbox 499 1027 688 1067; x_wconf 83' lang='lat' dir='ltr'>argumenti</span> <span class='ocrx_word' id='word_1_206' title='bbox 711 1025 794 1057; x_wconf 85' lang='lat' dir='ltr'>mihi</span> <span class='ocrx_word' id='word_1_207' title='bbox 819 1035 893 1057; x_wconf 87' lang='lat' dir='ltr'>esse</span> <span class='ocrx_word' id='word_1_208' title='bbox 917 1026 1059 1058; x_wconf 84' lang='lat' dir='ltr'>videtur.</span> <span class='ocrx_word' id='word_1_209' title='bbox 1085 1042 1128 1048; x_wconf 89' lang='lat'><strong>—</strong></span> <span class='ocrx_word' id='word_1_210' title='bbox 1152 1027 1205 1064; x_wconf 86' lang='lat'><strong>60,</strong></span> <span class='ocrx_word' id='word_1_211' title='bbox 1224 1028 1256 1057; x_wconf 87' lang='lat'>4.</span> <span class='ocrx_word' id='word_1_212' title='bbox 1275 1024 1400 1068; x_wconf 80' lang='lat' dir='ltr'>sicubi]</span> 
     </span>
     <span class='ocr_line' id='line_1_22' title="bbox 88 1067 1398 1112; baseline -0.001 -8"><span class='ocrx_word' id='word_1_213' title='bbox 88 1072 188 1104; x_wconf 78' lang='lat' dir='ltr'>sicuti</span> <span class='ocrx_word' id='word_1_214' title='bbox 210 1071 236 1102; x_wconf 91' lang='grc' dir='ltr'>Ι.</span> <span class='ocrx_word' id='word_1_215' title='bbox 262 1088 303 1093; x_wconf 90' lang='grc'><strong>-</strong></span> <span class='ocrx_word' id='word_1_216' title='bbox 330 1072 383 1108; x_wconf 86' lang='grc'>61,</span> <span class='ocrx_word' id='word_1_217' title='bbox 402 1072 434 1102; x_wconf 90' lang='grc'>4.</span> <span class='ocrx_word' id='word_1_218' title='bbox 461 1072 543 1102; x_wconf 84' lang='lat' dir='ltr'>clam</span> <span class='ocrx_word' id='word_1_219' title='bbox 567 1080 595 1102; x_wconf 90' lang='lat' dir='ltr'>c.</span> <span class='ocrx_word' id='word_1_220' title='bbox 615 1070 639 1103; x_wconf 93' lang='grc' dir='ltr'>Ι.</span> <span class='ocrx_word' id='word_1_221' title='bbox 666 1070 787 1102; x_wconf 87' lang='lat' dir='ltr'>delevi.</span> <span class='ocrx_word' id='word_1_222' title='bbox 811 1087 855 1094; x_wconf 92' lang='lat'>—</span> <span class='ocrx_word' id='word_1_223' title='bbox 886 1072 940 1108; x_wconf 79' lang='lat'><strong>52,</strong></span> <span class='ocrx_word' id='word_1_224' title='bbox 960 1071 990 1102; x_wconf 90' lang='lat'>1.</span> <span class='ocrx_word' id='word_1_225' title='bbox 1016 1067 1177 1112; x_wconf 83' lang='lat' dir='ltr'>merenti]</span> <span class='ocrx_word' id='word_1_226' title='bbox 1210 1072 1348 1103; x_wconf 80' lang='lat' dir='ltr'>meritae</span> <span class='ocrx_word' id='word_1_227' title='bbox 1372 1070 1398 1103; x_wconf 88' lang='lat'>1.</span> 
     </span>
     <span class='ocr_line' id='line_1_23' title="bbox 89 1114 1398 1157; baseline -0.001 -10"><span class='ocrx_word' id='word_1_228' title='bbox 89 1116 160 1148; x_wconf 87' lang='lat' dir='ltr'>Hoc</span> <span class='ocrx_word' id='word_1_229' title='bbox 184 1116 224 1147; x_wconf 85' lang='lat' dir='ltr'>ab</span> <span class='ocrx_word' id='word_1_230' title='bbox 254 1115 388 1147; x_wconf 85' lang='lat' dir='ltr'>licentia</span> <span class='ocrx_word' id='word_1_231' title='bbox 419 1115 616 1146; x_wconf 81' lang='lat' dir='ltr'>correctoris</span> <span class='ocrx_word' id='word_1_232' title='bbox 648 1115 810 1157; x_wconf 85' lang='lat' dir='ltr'>originem</span> <span class='ocrx_word' id='word_1_233' title='bbox 841 1115 982 1146; x_wconf 82' lang='lat' dir='ltr'>duxisse</span> <span class='ocrx_word' id='word_1_234' title='bbox 1010 1115 1078 1146; x_wconf 83' lang='lat' dir='ltr'>veri</span> <span class='ocrx_word' id='word_1_235' title='bbox 1107 1114 1251 1147; x_wconf 90' lang='lat' dir='ltr'>similius</span> <span class='ocrx_word' id='word_1_236' title='bbox 1277 1116 1398 1153; x_wconf 90' lang='lat' dir='ltr'>visum,</span> 
     </span>
     <span class='ocr_line' id='line_1_24' title="bbox 90 1157 1394 1202; baseline 0 -10"><span class='ocrx_word' id='word_1_237' title='bbox 90 1170 191 1200; x_wconf 84' lang='lat' dir='ltr'>quam</span> <span class='ocrx_word' id='word_1_238' title='bbox 215 1162 366 1192; x_wconf 79' lang='lat' dir='ltr'>merenti.</span> <span class='ocrx_word' id='word_1_239' title='bbox 399 1176 441 1182; x_wconf 90' lang='lat'>—-</span> <span class='ocrx_word' id='word_1_240' title='bbox 473 1159 528 1197; x_wconf 87' lang='lat'>63,</span> <span class='ocrx_word' id='word_1_241' title='bbox 545 1160 578 1191; x_wconf 87' lang='grc'>4.</span> <span class='ocrx_word' id='word_1_242' title='bbox 601 1159 706 1200; x_wconf 76' lang='lat' dir='ltr'>factis</span> <span class='ocrx_word' id='word_1_243' title='bbox 737 1169 778 1190; x_wconf 88' lang='lat' dir='ltr'>ex</span> <span class='ocrx_word' id='word_1_244' title='bbox 804 1159 944 1202; x_wconf 84' lang='lat' dir='ltr'>palmari</span> <span class='ocrx_word' id='word_1_245' title='bbox 968 1158 1120 1190; x_wconf 79' lang='lat' dir='ltr'>Palmerii</span> <span class='ocrx_word' id='word_1_246' title='bbox 1147 1157 1394 1202; x_wconf 81' lang='lat' dir='ltr'>emendatione]</span> 
     </span>
     <span class='ocr_line' id='line_1_25' title="bbox 86 1203 1401 1246; baseline -0.001 -9"><span class='ocrx_word' id='word_1_247' title='bbox 86 1205 189 1246; x_wconf 79' lang='lat' dir='ltr'>facile</span> <span class='ocrx_word' id='word_1_248' title='bbox 214 1205 241 1236; x_wconf 93' lang='grc' dir='ltr'>Ι.</span> <span class='ocrx_word' id='word_1_249' title='bbox 273 1221 317 1227; x_wconf 92' lang='grc'>-</span> <span class='ocrx_word' id='word_1_250' title='bbox 352 1206 405 1242; x_wconf 84' lang='grc'>63,</span> <span class='ocrx_word' id='word_1_251' title='bbox 423 1205 454 1236; x_wconf 90' lang='lat'><strong>6.</strong></span> <span class='ocrx_word' id='word_1_252' title='bbox 480 1205 684 1237; x_wconf 80' lang='lat' dir='ltr'>consulatum</span> <span class='ocrx_word' id='word_1_253' title='bbox 714 1204 805 1244; x_wconf 89' lang='lat' dir='ltr'>quod</span> <span class='ocrx_word' id='word_1_254' title='bbox 835 1204 949 1236; x_wconf 86' lang='lat' dir='ltr'>addidi</span> <span class='ocrx_word' id='word_1_255' title='bbox 980 1203 1101 1235; x_wconf 78' lang='lat' dir='ltr'>delevit</span> <span class='ocrx_word' id='word_1_256' title='bbox 1126 1204 1148 1235; x_wconf 86' lang='lat'>1.</span> <span class='ocrx_word' id='word_1_257' title='bbox 1196 1203 1238 1236; x_wconf 88' lang='lat' dir='ltr'>Ut</span> <span class='ocrx_word' id='word_1_258' title='bbox 1268 1204 1349 1237; x_wconf 90' lang='lat' dir='ltr'>illud</span> <span class='ocrx_word' id='word_1_259' title='bbox 1381 1214 1401 1236; x_wconf 84' lang='lat' dir='ltr'>a</span> 
     </span>
     <span class='ocr_line' id='line_1_26' title="bbox 89 1248 1399 1291; baseline 0 -10"><span class='ocrx_word' id='word_1_260' title='bbox 89 1249 223 1281; x_wconf 84' lang='lat' dir='ltr'>librario</span> <span class='ocrx_word' id='word_1_261' title='bbox 249 1249 335 1281; x_wconf 85' lang='lat' dir='ltr'>ultro</span> <span class='ocrx_word' id='word_1_262' title='bbox 361 1249 525 1280; x_wconf 87' lang='lat' dir='ltr'>adiectum</span> <span class='ocrx_word' id='word_1_263' title='bbox 543 1250 597 1288; x_wconf 90' lang='lat' dir='ltr'>sit,</span> <span class='ocrx_word' id='word_1_264' title='bbox 624 1256 734 1280; x_wconf 88' lang='lat' dir='ltr'>tamen</span> <span class='ocrx_word' id='word_1_265' title='bbox 752 1249 936 1280; x_wconf 86' lang='lat' dir='ltr'>orationem</span> <span class='ocrx_word' id='word_1_266' title='bbox 956 1248 1058 1280; x_wconf 89' lang='lat' dir='ltr'>multo</span> <span class='ocrx_word' id='word_1_267' title='bbox 1076 1249 1262 1291; x_wconf 86' lang='lat' dir='ltr'>planiorem</span> <span class='ocrx_word' id='word_1_268' title='bbox 1279 1249 1399 1289; x_wconf 79' lang='lat' dir='ltr'>facere,</span> 
     </span>
     <span class='ocr_line' id='line_1_27' title="bbox 89 1293 1399 1335; baseline 0.001 -10"><span class='ocrx_word' id='word_1_269' title='bbox 89 1293 170 1334; x_wconf 86' lang='lat' dir='ltr'>quid</span> <span class='ocrx_word' id='word_1_270' title='bbox 195 1293 287 1334; x_wconf 87' lang='lat' dir='ltr'>quod</span> <span class='ocrx_word' id='word_1_271' title='bbox 311 1303 418 1335; x_wconf 87' lang='lat' dir='ltr'>paene</span> <span class='ocrx_word' id='word_1_272' title='bbox 443 1294 669 1325; x_wconf 87' lang='lat' dir='ltr'>necessarium</span> <span class='ocrx_word' id='word_1_273' title='bbox 694 1303 768 1325; x_wconf 89' lang='lat' dir='ltr'>esse</span> <span class='ocrx_word' id='word_1_274' title='bbox 799 1293 924 1325; x_wconf 88' lang='lat' dir='ltr'>iudico.</span> <span class='ocrx_word' id='word_1_275' title='bbox 958 1311 998 1316; x_wconf 92' lang='lat'><strong>—</strong></span> <span class='ocrx_word' id='word_1_276' title='bbox 1030 1294 1084 1334; x_wconf 81' lang='lat'><strong>64,</strong></span> <span class='ocrx_word' id='word_1_277' title='bbox 1104 1294 1135 1325; x_wconf 82' lang='lat'>2.</span> <span class='ocrx_word' id='word_1_278' title='bbox 1159 1294 1300 1335; x_wconf 83' lang='lat' dir='ltr'>primum</span> <span class='ocrx_word' id='word_1_279' title='bbox 1324 1304 1399 1326; x_wconf 85' lang='lat' dir='ltr'>con-</span> 
     </span>
     <span class='ocr_line' id='line_1_28' title="bbox 88 1335 1400 1380; baseline 0.001 -10"><span class='ocrx_word' id='word_1_280' title='bbox 88 1344 193 1371; x_wconf 83' lang='lat' dir='ltr'>motus</span> <span class='ocrx_word' id='word_1_281' title='bbox 218 1340 353 1371; x_wconf 80' lang='lat' dir='ltr'>insolz&#39;ta</span> <span class='ocrx_word' id='word_1_282' title='bbox 376 1349 414 1370; x_wconf 86' lang='lat' dir='ltr'>re</span> <span class='ocrx_word' id='word_1_283' title='bbox 438 1339 556 1370; x_wconf 79' lang='lat' dir='ltr'>mirari</span> <span class='ocrx_word' id='word_1_284' title='bbox 584 1339 654 1370; x_wconf 86' lang='lat' dir='ltr'>eius</span> <span class='ocrx_word' id='word_1_285' title='bbox 684 1339 853 1370; x_wconf 81' lang='lat' dir='ltr'>eonsilium</span> <span class='ocrx_word' id='word_1_286' title='bbox 878 1348 907 1370; x_wconf 89' lang='lat' dir='ltr'>c.</span> <span class='ocrx_word' id='word_1_287' title='bbox 926 1335 968 1380; x_wconf 79' lang='lat' dir='ltr'>L]</span> <span class='ocrx_word' id='word_1_288' title='bbox 1000 1339 1109 1379; x_wconf 82' lang='lat' dir='ltr'>primo</span> <span class='ocrx_word' id='word_1_289' title='bbox 1134 1348 1236 1371; x_wconf 79' lang='lat' dir='ltr'>coum.</span> <span class='ocrx_word' id='word_1_290' title='bbox 1267 1340 1329 1372; x_wconf 73' lang='grc' dir='ltr'><strong>ἰηε.</strong></span> <span class='ocrx_word' id='word_1_291' title='bbox 1361 1349 1400 1371; x_wconf 83' lang='lat' dir='ltr'>re</span> 
     </span>
     <span class='ocr_line' id='line_1_29' title="bbox 88 1381 1400 1425; baseline 0 -11"><span class='ocrx_word' id='word_1_292' title='bbox 88 1384 207 1415; x_wconf 83' lang='lat' dir='ltr'>mirari</span> <span class='ocrx_word' id='word_1_293' title='bbox 232 1385 373 1424; x_wconf 86' lang='lat' dir='ltr'>primum</span> <span class='ocrx_word' id='word_1_294' title='bbox 401 1383 473 1415; x_wconf 81' lang='lat' dir='ltr'>eius</span> <span class='ocrx_word' id='word_1_295' title='bbox 505 1384 683 1415; x_wconf 83' lang='lat' dir='ltr'>consilium.</span> <span class='ocrx_word' id='word_1_296' title='bbox 714 1400 756 1404; x_wconf 97' lang='lat'><strong>—</strong></span> <span class='ocrx_word' id='word_1_297' title='bbox 789 1383 842 1418; x_wconf 89' lang='lat'>65,</span> <span class='ocrx_word' id='word_1_298' title='bbox 866 1384 898 1414; x_wconf 82' lang='lat'>2.</span> <span class='ocrx_word' id='word_1_299' title='bbox 932 1393 1022 1414; x_wconf 81' lang='lat' dir='ltr'>more</span> <span class='ocrx_word' id='word_1_300' title='bbox 1051 1381 1191 1425; x_wconf 87' lang='lat' dir='ltr'>cum1.]</span> <span class='ocrx_word' id='word_1_301' title='bbox 1225 1383 1331 1416; x_wconf 87' lang='lat' dir='ltr'>modo.</span> <span class='ocrx_word' id='word_1_302' title='bbox 1356 1399 1400 1407; x_wconf 94' lang='lat'>—-</span> 
     </span>
     <span class='ocr_line' id='line_1_30' title="bbox 89 1425 1399 1469; baseline 0.001 -10"><span class='ocrx_word' id='word_1_303' title='bbox 89 1428 144 1466; x_wconf 87' lang='grc'>66,</span> <span class='ocrx_word' id='word_1_304' title='bbox 164 1429 194 1459; x_wconf 92' lang='grc'>1.</span> <span class='ocrx_word' id='word_1_305' title='bbox 222 1428 353 1469; x_wconf 81' lang='lat' dir='ltr'>aliaque</span> <span class='ocrx_word' id='word_1_306' title='bbox 378 1438 463 1469; x_wconf 84' lang='lat' dir='ltr'>quae</span> <span class='ocrx_word' id='word_1_307' title='bbox 488 1437 516 1459; x_wconf 86' lang='lat' dir='ltr'>e.</span> <span class='ocrx_word' id='word_1_308' title='bbox 536 1425 575 1469; x_wconf 91' lang='lat'>1.]</span> <span class='ocrx_word' id='word_1_309' title='bbox 602 1430 668 1459; x_wconf 81' lang='grc' dir='ltr'><em>αἱία</em></span> <span class='ocrx_word' id='word_1_310' title='bbox 685 1438 780 1469; x_wconf 83' lang='lat' dir='ltr'>quae.</span> <span class='ocrx_word' id='word_1_311' title='bbox 822 1427 945 1468; x_wconf 77' lang='lat' dir='ltr'>Recepi</span> <span class='ocrx_word' id='word_1_312' title='bbox 963 1426 1054 1466; x_wconf 88' lang='lat' dir='ltr'>illud,</span> <span class='ocrx_word' id='word_1_313' title='bbox 1079 1437 1121 1458; x_wconf 88' lang='lat' dir='ltr'>ne</span> <span class='ocrx_word' id='word_1_314' title='bbox 1136 1425 1222 1458; x_wconf 82' lang='lat' dir='ltr'>forte</span> <span class='ocrx_word' id='word_1_315' title='bbox 1239 1426 1399 1460; x_wconf 81' lang='lat' dir='ltr'>Sallustio</span> 
     </span>
     <span class='ocr_line' id='line_1_31' title="bbox 90 1471 1400 1514; baseline 0.001 -11"><span class='ocrx_word' id='word_1_316' title='bbox 90 1472 228 1503; x_wconf 89' lang='lat' dir='ltr'>nimiam</span> <span class='ocrx_word' id='word_1_317' title='bbox 255 1472 436 1512; x_wconf 83' lang='lat' dir='ltr'>quamdam</span> <span class='ocrx_word' id='word_1_318' title='bbox 461 1471 669 1514; x_wconf 80' lang='lat' dir='ltr'>diligentiam</span> <span class='ocrx_word' id='word_1_319' title='bbox 702 1471 832 1503; x_wconf 80' lang='lat' dir='ltr'>viderer</span> <span class='ocrx_word' id='word_1_320' title='bbox 855 1472 1053 1503; x_wconf 75' lang='lat' dir='ltr'>adfluxisse.</span> <span class='ocrx_word' id='word_1_321' title='bbox 1080 1488 1122 1495; x_wconf 90' lang='lat'><strong>—</strong></span> <span class='ocrx_word' id='word_1_322' title='bbox 1153 1473 1207 1509; x_wconf 83' lang='lat'>67,</span> <span class='ocrx_word' id='word_1_323' title='bbox 1228 1473 1258 1504; x_wconf 91' lang='lat'>1.</span> <span class='ocrx_word' id='word_1_324' title='bbox 1289 1472 1400 1505; x_wconf 84' lang='lat' dir='ltr'>Minus</span> 
     </span>
     <span class='ocr_line' id='line_1_32' title="bbox 90 1516 1399 1556; baseline 0.001 -9"><span class='ocrx_word' id='word_1_325' title='bbox 90 1516 202 1548; x_wconf 87' lang='lat' dir='ltr'>audax</span> <span class='ocrx_word' id='word_1_326' title='bbox 233 1516 314 1547; x_wconf 87' lang='lat' dir='ltr'>mihi</span> <span class='ocrx_word' id='word_1_327' title='bbox 340 1517 434 1548; x_wconf 90' lang='lat' dir='ltr'>visus</span> <span class='ocrx_word' id='word_1_328' title='bbox 461 1526 554 1554; x_wconf 88' lang='lat' dir='ltr'>sum,</span> <span class='ocrx_word' id='word_1_329' title='bbox 587 1518 616 1548; x_wconf 88' lang='lat' dir='ltr'>si</span> <span class='ocrx_word' id='word_1_330' title='bbox 648 1525 706 1548; x_wconf 90' lang='lat' dir='ltr'>eos</span> <span class='ocrx_word' id='word_1_331' title='bbox 738 1517 794 1556; x_wconf 89' lang='lat' dir='ltr'>qui</span> <span class='ocrx_word' id='word_1_332' title='bbox 825 1518 870 1548; x_wconf 83' lang='lat' dir='ltr'>ad</span> <span class='ocrx_word' id='word_1_333' title='bbox 906 1516 1073 1548; x_wconf 85' lang='lat' dir='ltr'>excidisse</span> <span class='ocrx_word' id='word_1_334' title='bbox 1108 1526 1268 1548; x_wconf 88' lang='lat' dir='ltr'>censuere</span> <span class='ocrx_word' id='word_1_335' title='bbox 1291 1534 1335 1540; x_wconf 92' lang='lat'>—-</span> <span class='ocrx_word' id='word_1_336' title='bbox 1365 1517 1399 1548; x_wconf 90' lang='lat' dir='ltr'>in</span> 
     </span>
     <span class='ocr_line' id='line_1_33' title="bbox 89 1560 1399 1603; baseline 0.001 -11"><span class='ocrx_word' id='word_1_337' title='bbox 89 1561 210 1601; x_wconf 89' lang='lat' dir='ltr'>quibus</span> <span class='ocrx_word' id='word_1_338' title='bbox 229 1568 345 1592; x_wconf 87' lang='lat' dir='ltr'>auctor</span> <span class='ocrx_word' id='word_1_339' title='bbox 361 1560 423 1592; x_wconf 83' lang='lat' dir='ltr'>fuit</span> <span class='ocrx_word' id='word_1_340' title='bbox 441 1561 636 1603; x_wconf 84' lang='lat' dir='ltr'>scripturae,</span> <span class='ocrx_word' id='word_1_341' title='bbox 658 1570 743 1600; x_wconf 89' lang='lat' dir='ltr'>quae</span> <span class='ocrx_word' id='word_1_342' title='bbox 761 1562 793 1591; x_wconf 89' lang='lat' dir='ltr'>in</span> <span class='ocrx_word' id='word_1_343' title='bbox 812 1560 981 1592; x_wconf 89' lang='lat' dir='ltr'>nonnullis</span> <span class='ocrx_word' id='word_1_344' title='bbox 999 1560 1136 1592; x_wconf 81' lang='lat' dir='ltr'>alterius</span> <span class='ocrx_word' id='word_1_345' title='bbox 1154 1561 1288 1603; x_wconf 82' lang='lat' dir='ltr'>generis</span> <span class='ocrx_word' id='word_1_346' title='bbox 1305 1561 1399 1594; x_wconf 90' lang='lat' dir='ltr'>libris</span> 
     </span>
     <span class='ocr_line' id='line_1_34' title="bbox 89 1606 1400 1648; baseline 0.001 -11"><span class='ocrx_word' id='word_1_347' title='bbox 89 1607 222 1637; x_wconf 77' lang='lat' dir='ltr'>inventa</span> <span class='ocrx_word' id='word_1_348' title='bbox 242 1612 294 1637; x_wconf 89' lang='lat' dir='ltr'>est</span> <span class='ocrx_word' id='word_1_349' title='bbox 309 1622 350 1628; x_wconf 91' lang='lat'><em>-</em></span> <span class='ocrx_word' id='word_1_350' title='bbox 369 1616 537 1646; x_wconf 83' lang='lat' dir='ltr'>sequerer,</span> <span class='ocrx_word' id='word_1_351' title='bbox 563 1615 664 1645; x_wconf 81' lang='lat' dir='ltr'>quam</span> <span class='ocrx_word' id='word_1_352' title='bbox 682 1606 710 1636; x_wconf 92' lang='lat' dir='ltr'>si</span> <span class='ocrx_word' id='word_1_353' title='bbox 735 1606 977 1647; x_wconf 76' lang='lat' dir='ltr'>suspicionem,</span> <span class='ocrx_word' id='word_1_354' title='bbox 1002 1613 1099 1636; x_wconf 75' lang='lat' dir='ltr'>antea</span> <span class='ocrx_word' id='word_1_355' title='bbox 1123 1615 1142 1636; x_wconf 84' lang='lat' dir='ltr'>a</span> <span class='ocrx_word' id='word_1_356' title='bbox 1167 1615 1219 1637; x_wconf 89' lang='lat' dir='ltr'>me</span> <span class='ocrx_word' id='word_1_357' title='bbox 1243 1607 1400 1648; x_wconf 88' lang='lat' dir='ltr'>proposi-</span> 
     </span>
     <span class='ocr_line' id='line_1_35' title="bbox 90 1649 1401 1692; baseline 0.001 -11"><span class='ocrx_word' id='word_1_358' title='bbox 90 1659 156 1682; x_wconf 81' lang='lat' dir='ltr'>tam</span> <span class='ocrx_word' id='word_1_359' title='bbox 181 1649 420 1692; x_wconf 85' lang='lat' dir='ltr'>(subplendam</span> <span class='ocrx_word' id='word_1_360' title='bbox 445 1660 520 1682; x_wconf 87' lang='lat' dir='ltr'>esse</span> <span class='ocrx_word' id='word_1_361' title='bbox 546 1651 729 1682; x_wconf 84' lang='lat' dir='ltr'>orationem</span> <span class='ocrx_word' id='word_1_362' title='bbox 747 1660 856 1681; x_wconf 83' lang='lat' dir='ltr'>arcem</span> <span class='ocrx_word' id='word_1_363' title='bbox 874 1668 913 1672; x_wconf 96' lang='lat'><strong>—</strong></span> <span class='ocrx_word' id='word_1_364' title='bbox 932 1649 1120 1689; x_wconf 79' lang='lat' dir='ltr'>obsidebat)</span> <span class='ocrx_word' id='word_1_365' title='bbox 1144 1651 1318 1682; x_wconf 75' lang='lat' dir='ltr'>retinerem</span> <span class='ocrx_word' id='word_1_366' title='bbox 1343 1658 1401 1682; x_wconf 83' lang='lat' dir='ltr'>aut</span> 
     </span>
     <span class='ocr_line' id='line_1_36' title="bbox 88 1694 1399 1735; baseline 0.002 -10"><span class='ocrx_word' id='word_1_367' title='bbox 88 1705 116 1727; x_wconf 88' lang='lat' dir='ltr'>c.</span> <span class='ocrx_word' id='word_1_368' title='bbox 142 1694 166 1726; x_wconf 90' lang='grc' dir='ltr'>Ι.</span> <span class='ocrx_word' id='word_1_369' title='bbox 201 1705 281 1727; x_wconf 85' lang='lat' dir='ltr'>arce</span> <span class='ocrx_word' id='word_1_370' title='bbox 311 1695 502 1726; x_wconf 81' lang='lat' dir='ltr'>scriberem.</span> <span class='ocrx_word' id='word_1_371' title='bbox 557 1694 708 1726; x_wconf 83' lang='lat' dir='ltr'>Ceterum</span> <span class='ocrx_word' id='word_1_372' title='bbox 737 1695 821 1735; x_wconf 70' lang='lat' dir='ltr'>fuya</span> <span class='ocrx_word' id='word_1_373' title='bbox 847 1694 1070 1735; x_wconf 72' lang='lat' dir='ltr'>prohibebant</span> <span class='ocrx_word' id='word_1_374' title='bbox 1100 1695 1173 1735; x_wconf 81' lang='lat' dir='ltr'>ipse</span> <span class='ocrx_word' id='word_1_375' title='bbox 1204 1695 1399 1727; x_wconf 82' lang='lat' dir='ltr'>iamdudum</span> 
     </span>
     <span class='ocr_line' id='line_1_37' title="bbox 88 1736 1398 1781; baseline 0.002 -11"><span class='ocrx_word' id='word_1_376' title='bbox 88 1739 270 1771; x_wconf 84' lang='lat' dir='ltr'>edideram.</span> <span class='ocrx_word' id='word_1_377' title='bbox 290 1756 331 1762; x_wconf 93' lang='lat'>—-</span> <span class='ocrx_word' id='word_1_378' title='bbox 357 1740 411 1777; x_wconf 86' lang='grc'>67,</span> <span class='ocrx_word' id='word_1_379' title='bbox 429 1742 460 1772; x_wconf 90' lang='lat'>3.</span> <span class='ocrx_word' id='word_1_380' title='bbox 488 1750 531 1771; x_wconf 80' lang='lat' dir='ltr'>an</span> <span class='ocrx_word' id='word_1_381' title='bbox 546 1741 703 1781; x_wconf 80' lang='lat' dir='ltr'>pactione</span> <span class='ocrx_word' id='word_1_382' title='bbox 720 1745 777 1770; x_wconf 80' lang='grc' dir='ltr'><em>(ιιιι</em></span> <span class='ocrx_word' id='word_1_383' title='bbox 794 1749 873 1770; x_wconf 79' lang='lat' dir='ltr'>casu</span> <span class='ocrx_word' id='word_1_384' title='bbox 897 1750 925 1771; x_wconf 90' lang='lat' dir='ltr'>c.</span> <span class='ocrx_word' id='word_1_385' title='bbox 943 1736 979 1781; x_wconf 88' lang='lat'>1.]</span> <span class='ocrx_word' id='word_1_386' title='bbox 1001 1743 1058 1770; x_wconf 81' lang='lat' dir='ltr'>aut</span> <span class='ocrx_word' id='word_1_387' title='bbox 1073 1741 1230 1779; x_wconf 82' lang='lat' dir='ltr'>pactione</span> <span class='ocrx_word' id='word_1_388' title='bbox 1246 1751 1289 1771; x_wconf 85' lang='lat' dir='ltr'>an</span> <span class='ocrx_word' id='word_1_389' title='bbox 1307 1750 1398 1772; x_wconf 80' lang='lat' dir='ltr'>casu.</span> 
     </span>
     <span class='ocr_line' id='line_1_38' title="bbox 86 1782 1400 1827; baseline 0.002 -12"><span class='ocrx_word' id='word_1_390' title='bbox 86 1800 130 1806; x_wconf 92' lang='lat'>—</span> <span class='ocrx_word' id='word_1_391' title='bbox 154 1784 208 1821; x_wconf 88' lang='grc'><strong>68,</strong></span> <span class='ocrx_word' id='word_1_392' title='bbox 224 1785 256 1815; x_wconf 80' lang='grc'>2.</span> <span class='ocrx_word' id='word_1_393' title='bbox 282 1790 422 1825; x_wconf 82' lang='lat' dir='ltr'>postera</span> <span class='ocrx_word' id='word_1_394' title='bbox 446 1785 500 1816; x_wconf 81' lang='lat' dir='ltr'>dt&#39;e</span> <span class='ocrx_word' id='word_1_395' title='bbox 526 1794 553 1816; x_wconf 88' lang='lat' dir='ltr'>c.</span> <span class='ocrx_word' id='word_1_396' title='bbox 574 1782 616 1827; x_wconf 77' lang='lat' dir='ltr'>L]</span> <span class='ocrx_word' id='word_1_397' title='bbox 642 1788 780 1825; x_wconf 78' lang='lat' dir='ltr'>postero</span> <span class='ocrx_word' id='word_1_398' title='bbox 806 1785 870 1815; x_wconf 84' lang='lat' dir='ltr'>die.</span> <span class='ocrx_word' id='word_1_399' title='bbox 910 1785 954 1814; x_wconf 75' lang='lat' dir='ltr'>At</span> <span class='ocrx_word' id='word_1_400' title='bbox 977 1790 1011 1814; x_wconf 85' lang='lat' dir='ltr'>ut</span> <span class='ocrx_word' id='word_1_401' title='bbox 1037 1784 1136 1815; x_wconf 80' lang='lat' dir='ltr'>etiam</span> <span class='ocrx_word' id='word_1_402' title='bbox 1159 1789 1299 1825; x_wconf 83' lang='lat' dir='ltr'>postera</span> <span class='ocrx_word' id='word_1_403' title='bbox 1315 1784 1400 1817; x_wconf 72' lang='lat' dir='ltr'>hora</span> 
     </span>
     <span class='ocr_line' id='line_1_39' title="bbox 87 1829 1397 1870; baseline 0.002 -10"><span class='ocrx_word' id='word_1_404' title='bbox 87 1838 148 1870; x_wconf 89' lang='lat' dir='ltr'>pro</span> <span class='ocrx_word' id='word_1_405' title='bbox 172 1833 343 1869; x_wconf 82' lang='lat' dir='ltr'>posteram</span> <span class='ocrx_word' id='word_1_406' title='bbox 365 1829 480 1861; x_wconf 74' lang='lat' dir='ltr'>horam</span> <span class='ocrx_word' id='word_1_407' title='bbox 505 1829 684 1870; x_wconf 82' lang='lat' dir='ltr'>reciperem</span> <span class='ocrx_word' id='word_1_408' title='bbox 711 1829 751 1859; x_wconf 77' lang='lat' dir='ltr'>ab</span> <span class='ocrx_word' id='word_1_409' title='bbox 769 1838 821 1859; x_wconf 88' lang='lat' dir='ltr'>me</span> <span class='ocrx_word' id='word_1_410' title='bbox 838 1829 1004 1870; x_wconf 81' lang='lat' dir='ltr'>inpetrare</span> <span class='ocrx_word' id='word_1_411' title='bbox 1021 1837 1084 1860; x_wconf 86' lang='lat' dir='ltr'>non</span> <span class='ocrx_word' id='word_1_412' title='bbox 1104 1829 1209 1870; x_wconf 89' lang='lat' dir='ltr'>potui.</span> <span class='ocrx_word' id='word_1_413' title='bbox 1228 1845 1263 1851; x_wconf 97' lang='lat'>—</span> <span class='ocrx_word' id='word_1_414' title='bbox 1291 1829 1345 1865; x_wconf 87' lang='grc'>69,</span> <span class='ocrx_word' id='word_1_415' title='bbox 1365 1830 1397 1862; x_wconf 80' lang='grc'>2.</span> 
     </span>
     <span class='ocr_line' id='line_1_40' title="bbox 87 1870 1400 1915; baseline 0.001 -10"><span class='ocrx_word' id='word_1_416' title='bbox 87 1874 213 1914; x_wconf 61' lang='lat' dir='ltr'>volgum</span> <span class='ocrx_word' id='word_1_417' title='bbox 237 1882 265 1905; x_wconf 91' lang='lat' dir='ltr'>c.</span> <span class='ocrx_word' id='word_1_418' title='bbox 284 1870 325 1915; x_wconf 92' lang='lat'>1.]</span> <span class='ocrx_word' id='word_1_419' title='bbox 351 1874 465 1915; x_wconf 65' lang='lat' dir='ltr'>volgus</span> <span class='ocrx_word' id='word_1_420' title='bbox 491 1881 524 1904; x_wconf 89' lang='lat' dir='ltr'>ut</span> <span class='ocrx_word' id='word_1_421' title='bbox 549 1874 648 1904; x_wconf 84' lang='lat' dir='ltr'>etiam</span> <span class='ocrx_word' id='word_1_422' title='bbox 675 1874 727 1906; x_wconf 78' lang='grc'><strong>73,</strong></span> <span class='ocrx_word' id='word_1_423' title='bbox 746 1874 775 1904; x_wconf 87' lang='lat'>5.</span> <span class='ocrx_word' id='word_1_424' title='bbox 819 1872 864 1903; x_wconf 79' lang='lat' dir='ltr'>De</span> <span class='ocrx_word' id='word_1_425' title='bbox 882 1873 1041 1904; x_wconf 86' lang='lat' dir='ltr'>extremis</span> <span class='ocrx_word' id='word_1_426' title='bbox 1059 1873 1169 1905; x_wconf 85' lang='lat' dir='ltr'>verbis</span> <span class='ocrx_word' id='word_1_427' title='bbox 1188 1873 1211 1904; x_wconf 88' lang='lat'>1.</span> <span class='ocrx_word' id='word_1_428' title='bbox 1231 1873 1400 1915; x_wconf 77' lang='lat' dir='ltr'>adlegavit</span> 
     </span>
     <span class='ocr_line' id='line_1_41' title="bbox 88 1916 1399 1959; baseline 0.002 -11"><span class='ocrx_word' id='word_1_429' title='bbox 88 1917 244 1950; x_wconf 78' lang='lat' dir='ltr'>Momms.</span> <span class='ocrx_word' id='word_1_430' title='bbox 265 1916 473 1949; x_wconf 78' lang='lat' dir='ltr'>Stadtreclite</span> <span class='ocrx_word' id='word_1_431' title='bbox 491 1928 524 1959; x_wconf 91' lang='lat' dir='ltr'>p.</span> <span class='ocrx_word' id='word_1_432' title='bbox 540 1919 605 1950; x_wconf 79' lang='lat'>309</span> <span class='ocrx_word' id='word_1_433' title='bbox 632 1928 663 1949; x_wconf 91' lang='lat' dir='ltr'>n.</span> <span class='ocrx_word' id='word_1_434' title='bbox 679 1919 733 1948; x_wconf 77' lang='lat'>20.</span> <span class='ocrx_word' id='word_1_435' title='bbox 773 1917 851 1948; x_wconf 80' lang='lat' dir='ltr'>Mihi</span> <span class='ocrx_word' id='word_1_436' title='bbox 870 1917 1018 1948; x_wconf 87' lang='lat' dir='ltr'>nondum</span> <span class='ocrx_word' id='word_1_437' title='bbox 1038 1927 1153 1949; x_wconf 86' lang='lat' dir='ltr'>omnes</span> <span class='ocrx_word' id='word_1_438' title='bbox 1171 1917 1399 1951; x_wconf 70' lang='lat' dir='ltr'>dubitationes</span> 
     </span>
     <span class='ocr_line' id='line_1_42' title="bbox 87 1960 1399 2003; baseline 0.002 -11"><span class='ocrx_word' id='word_1_439' title='bbox 87 1968 263 2003; x_wconf 77' lang='lat' dir='ltr'>exemptae</span> <span class='ocrx_word' id='word_1_440' title='bbox 280 1969 367 1993; x_wconf 85' lang='lat' dir='ltr'>sunt.</span> <span class='ocrx_word' id='word_1_441' title='bbox 386 1980 429 1985; x_wconf 86' lang='lat'>—</span> <span class='ocrx_word' id='word_1_442' title='bbox 454 1963 547 1996; x_wconf 55' lang='lat'>722.</span> <span class='ocrx_word' id='word_1_443' title='bbox 568 1960 805 2003; x_wconf 68' lang='lat' dir='ltr'>experrectus]</span> <span class='ocrx_word' id='word_1_444' title='bbox 823 1962 953 1994; x_wconf 77' lang='lat' dir='ltr'>excitus</span> <span class='ocrx_word' id='word_1_445' title='bbox 967 1962 990 1993; x_wconf 89' lang='lat' dir='ltr'>l.</span> <span class='ocrx_word' id='word_1_446' title='bbox 1024 1962 1219 1994; x_wconf 86' lang='lat' dir='ltr'>Diomedem</span> <span class='ocrx_word' id='word_1_447' title='bbox 1238 1963 1399 1994; x_wconf 86' lang='lat' dir='ltr'>memoria</span> 
     </span>
     <span class='ocr_line' id='line_1_43' title="bbox 88 2003 1398 2049; baseline 0.002 -12"><span class='ocrx_word' id='word_1_448' title='bbox 88 2006 220 2048; x_wconf 79' lang='lat' dir='ltr'>lapsum</span> <span class='ocrx_word' id='word_1_449' title='bbox 246 2016 321 2038; x_wconf 87' lang='lat' dir='ltr'>esse</span> <span class='ocrx_word' id='word_1_450' title='bbox 345 2007 426 2037; x_wconf 82' lang='lat' dir='ltr'>mihi</span> <span class='ocrx_word' id='word_1_451' title='bbox 453 2009 508 2038; x_wconf 73' lang='lat' dir='ltr'>vix</span> <span class='ocrx_word' id='word_1_452' title='bbox 533 2006 688 2039; x_wconf 86' lang='lat' dir='ltr'>credibile</span> <span class='ocrx_word' id='word_1_453' title='bbox 705 2007 845 2038; x_wconf 85' lang='lat' dir='ltr'>videtur.</span> <span class='ocrx_word' id='word_1_454' title='bbox 870 2023 913 2029; x_wconf 92' lang='lat'>—-</span> <span class='ocrx_word' id='word_1_455' title='bbox 939 2008 992 2041; x_wconf 82' lang='grc'>73,</span> <span class='ocrx_word' id='word_1_456' title='bbox 1011 2007 1042 2038; x_wconf 86' lang='lat'>4.</span> <span class='ocrx_word' id='word_1_457' title='bbox 1067 2007 1136 2047; x_wconf 70' lang='lat' dir='ltr'>fuit</span> <span class='ocrx_word' id='word_1_458' title='bbox 1158 2003 1246 2049; x_wconf 89' lang='lat' dir='ltr'>c.1.]</span> <span class='ocrx_word' id='word_1_459' title='bbox 1269 2007 1398 2046; x_wconf 76' lang='lat' dir='ltr'>fuerat.</span> 
     </span>
     <span class='ocr_line' id='line_1_44' title="bbox 88 2049 1399 2094; baseline 0 -12"><span class='ocrx_word' id='word_1_460' title='bbox 88 2067 128 2073; x_wconf 89' lang='lat'>—</span> <span class='ocrx_word' id='word_1_461' title='bbox 155 2052 208 2087; x_wconf 82' lang='grc'>74,</span> <span class='ocrx_word' id='word_1_462' title='bbox 230 2052 258 2083; x_wconf 93' lang='grc'>1.</span> <span class='ocrx_word' id='word_1_463' title='bbox 279 2049 364 2094; x_wconf 78' lang='lat' dir='ltr'>fide]</span> <span class='ocrx_word' id='word_1_464' title='bbox 388 2053 471 2091; x_wconf 82' lang='lat' dir='ltr'>fidei</span> <span class='ocrx_word' id='word_1_465' title='bbox 488 2052 510 2083; x_wconf 95' lang='lat'>1.</span> <span class='ocrx_word' id='word_1_466' title='bbox 544 2051 780 2083; x_wconf 80' lang='lat' dir='ltr'>Insolentiorcs</span> <span class='ocrx_word' id='word_1_467' title='bbox 807 2051 933 2082; x_wconf 77' lang='lat' dir='ltr'>formas</span> <span class='ocrx_word' id='word_1_468' title='bbox 958 2052 999 2082; x_wconf 81' lang='lat' dir='ltr'>ab</span> <span class='ocrx_word' id='word_1_469' title='bbox 1017 2051 1161 2083; x_wconf 79' lang='lat' dir='ltr'>librariis</span> <span class='ocrx_word' id='word_1_470' title='bbox 1179 2059 1302 2083; x_wconf 84' lang='lat' dir='ltr'>temere</span> <span class='ocrx_word' id='word_1_471' title='bbox 1318 2060 1399 2083; x_wconf 84' lang='lat' dir='ltr'>con·</span> 
     </span>
     <span class='ocr_line' id='line_1_45' title="bbox 87 2094 1397 2139; baseline 0.003 -14"><span class='ocrx_word' id='word_1_472' title='bbox 87 2102 231 2126; x_wconf 80' lang='lat' dir='ltr'>mutatas</span> <span class='ocrx_word' id='word_1_473' title='bbox 262 2105 338 2127; x_wconf 89' lang='lat' dir='ltr'>esse</span> <span class='ocrx_word' id='word_1_474' title='bbox 368 2102 510 2127; x_wconf 77' lang='lat' dir='ltr'>constat.</span> <span class='ocrx_word' id='word_1_475' title='bbox 541 2113 583 2119; x_wconf 85' lang='lat'>—</span> <span class='ocrx_word' id='word_1_476' title='bbox 615 2098 668 2130; x_wconf 86' lang='grc'><strong>75,</strong></span> <span class='ocrx_word' id='word_1_477' title='bbox 690 2098 719 2129; x_wconf 92' lang='lat'>1.</span> <span class='ocrx_word' id='word_1_478' title='bbox 757 2095 874 2137; x_wconf 78' lang='lat' dir='ltr'>ubique</span> <span class='ocrx_word' id='word_1_479' title='bbox 903 2094 1070 2138; x_wconf 81' lang='lat' dir='ltr'>plerique]</span> <span class='ocrx_word' id='word_1_480' title='bbox 1106 2095 1162 2127; x_wconf 78' lang='lat' dir='ltr'>ubi</span> <span class='ocrx_word' id='word_1_481' title='bbox 1187 2097 1339 2139; x_wconf 75' lang='lat' dir='ltr'>plerique</span> <span class='ocrx_word' id='word_1_482' title='bbox 1372 2095 1397 2129; x_wconf 86' lang='lat'>1.</span> 
     </span>
     <span class='ocr_line' id='line_1_46' title="bbox 87 2138 1398 2182; baseline 0.002 -12"><span class='ocrx_word' id='word_1_483' title='bbox 87 2138 170 2170; x_wconf 86' lang='lat' dir='ltr'>lllud</span> <span class='ocrx_word' id='word_1_484' title='bbox 206 2140 238 2171; x_wconf 88' lang='lat' dir='ltr'>in</span> <span class='ocrx_word' id='word_1_485' title='bbox 271 2140 452 2182; x_wconf 79' lang='lat' dir='ltr'>archetypo</span> <span class='ocrx_word' id='word_1_486' title='bbox 484 2140 591 2172; x_wconf 78' lang='lat' dir='ltr'>fuisse.</span> <span class='ocrx_word' id='word_1_487' title='bbox 622 2151 664 2171; x_wconf 86' lang='lat' dir='ltr'>cx</span> <span class='ocrx_word' id='word_1_488' title='bbox 694 2140 847 2172; x_wconf 85' lang='lat' dir='ltr'>codicum</span> <span class='ocrx_word' id='word_1_489' title='bbox 879 2141 1054 2182; x_wconf 87' lang='lat' dir='ltr'>scripturis</span> <span class='ocrx_word' id='word_1_490' title='bbox 1084 2141 1284 2172; x_wconf 78' lang='lat' dir='ltr'>coniectanti</span> <span class='ocrx_word' id='word_1_491' title='bbox 1314 2140 1398 2173; x_wconf 75' lang='lat' dir='ltr'>satis</span> 
     </span>
     <span class='ocr_line' id='line_1_47' title="bbox 87 2182 1397 2226; baseline 0.002 -11"><span class='ocrx_word' id='word_1_492' title='bbox 87 2183 169 2216; x_wconf 89' lang='lat' dir='ltr'>mihi</span> <span class='ocrx_word' id='word_1_493' title='bbox 193 2184 262 2214; x_wconf 78' lang='lat' dir='ltr'>veri</span> <span class='ocrx_word' id='word_1_494' title='bbox 281 2185 389 2216; x_wconf 88' lang='lat' dir='ltr'>simile</span> <span class='ocrx_word' id='word_1_495' title='bbox 407 2186 528 2220; x_wconf 76' lang='lat' dir='ltr'>visum,</span> <span class='ocrx_word' id='word_1_496' title='bbox 546 2202 588 2209; x_wconf 89' lang='lat'>——</span> <span class='ocrx_word' id='word_1_497' title='bbox 614 2186 667 2223; x_wconf 89' lang='grc'>75,</span> <span class='ocrx_word' id='word_1_498' title='bbox 683 2186 714 2218; x_wconf 87' lang='grc'><strong>5.</strong></span> <span class='ocrx_word' id='word_1_499' title='bbox 739 2190 878 2226; x_wconf 83' lang='lat' dir='ltr'>praesto</span> <span class='ocrx_word' id='word_1_500' title='bbox 893 2185 1009 2225; x_wconf 77' lang='lat' dir='ltr'>forent</span> <span class='ocrx_word' id='word_1_501' title='bbox 1025 2196 1052 2216; x_wconf 88' lang='lat' dir='ltr'>c.</span> <span class='ocrx_word' id='word_1_502' title='bbox 1069 2182 1205 2226; x_wconf 80' lang='lat' dir='ltr'>Kritzio]</span> <span class='ocrx_word' id='word_1_503' title='bbox 1229 2184 1397 2224; x_wconf 66' lang='lat' dir='ltr'>liter-infl-</span> 
     </span>
    </p>
   </div>
   <div class='ocr_carea' id='block_1_5' title="bbox 86 2229 1446 2271">
    <p class='ocr_par' dir='ltr' id='par_1_6' title="bbox 86 2229 1446 2271">
     <span class='ocr_line' id='line_1_48' title="bbox 86 2229 1446 2271; baseline 0.001 -11"><span class='ocrx_word' id='word_1_504' title='bbox 86 2244 130 2251; x_wconf 91' lang='lat'><strong>—</strong></span> <span class='ocrx_word' id='word_1_505' title='bbox 155 2229 209 2267; x_wconf 88' lang='grc'><strong>76,</strong></span> <span class='ocrx_word' id='word_1_506' title='bbox 227 2230 257 2260; x_wconf 89' lang='grc'><strong>3.</strong></span> <span class='ocrx_word' id='word_1_507' title='bbox 290 2234 322 2260; x_wconf 77' lang='lat' dir='ltr'>et</span> <span class='ocrx_word' id='word_1_508' title='bbox 353 2230 534 2261; x_wconf 81' lang='lat' dir='ltr'>etiamnum</span> <span class='ocrx_word' id='word_1_509' title='bbox 564 2230 645 2261; x_wconf 81' lang='lat' dir='ltr'>milii</span> <span class='ocrx_word' id='word_1_510' title='bbox 671 2237 864 2271; x_wconf 85' lang='lat' dir='ltr'>suspectum</span> <span class='ocrx_word' id='word_1_511' title='bbox 891 2237 952 2261; x_wconf 84' lang='lat' dir='ltr'>est.</span> <span class='ocrx_word' id='word_1_512' title='bbox 985 2246 1027 2252; x_wconf 90' lang='lat'>—</span> <span class='ocrx_word' id='word_1_513' title='bbox 1063 2231 1117 2266; x_wconf 91' lang='grc'>77,</span> <span class='ocrx_word' id='word_1_514' title='bbox 1137 2231 1169 2261; x_wconf 78' lang='lat'>2.</span> <span class='ocrx_word' id='word_1_515' title='bbox 1195 2229 1398 2270; x_wconf 59' lang='lat' dir='ltr'>Iugurthini,</span> <span class='ocrx_word' id='word_1_516' title='bbox 1439 2243 1446 2246; x_wconf 54' lang='lat'>&gt;</span> 
     </span>
    </p>
   </div>
   <div class='ocr_carea' id='block_1_6' title="bbox 88 2272 1400 2316">
    <p class='ocr_par' dir='ltr' id='par_1_7' title="bbox 88 2272 1400 2316">
     <span class='ocr_line' id='line_1_49' title="bbox 88 2272 1400 2316; baseline 0.001 -11"><span class='ocrx_word' id='word_1_517' title='bbox 88 2272 179 2312; x_wconf 80' lang='lat' dir='ltr'>quod</span> <span class='ocrx_word' id='word_1_518' title='bbox 203 2273 277 2305; x_wconf 83' lang='lat' dir='ltr'>sine</span> <span class='ocrx_word' id='word_1_519' title='bbox 302 2275 394 2305; x_wconf 84' lang='lat' dir='ltr'>uncis</span> <span class='ocrx_word' id='word_1_520' title='bbox 421 2275 443 2307; x_wconf 85' lang='lat'>1.</span> <span class='ocrx_word' id='word_1_521' title='bbox 471 2275 614 2315; x_wconf 79' lang='lat' dir='ltr'>reliquit,</span> <span class='ocrx_word' id='word_1_522' title='bbox 643 2273 792 2305; x_wconf 78' lang='lat' dir='ltr'>deforme</span> <span class='ocrx_word' id='word_1_523' title='bbox 817 2274 987 2315; x_wconf 77' lang='lat' dir='ltr'>glossema</span> <span class='ocrx_word' id='word_1_524' title='bbox 1011 2284 1086 2305; x_wconf 86' lang='lat' dir='ltr'>esse</span> <span class='ocrx_word' id='word_1_525' title='bbox 1111 2280 1197 2306; x_wconf 84' lang='lat' dir='ltr'>recte</span> <span class='ocrx_word' id='word_1_526' title='bbox 1222 2273 1400 2316; x_wconf 74' lang='lat' dir='ltr'>perspexit</span> 
     </span>
    </p>
   </div>
   <div class='ocr_carea' id='block_1_7' title="bbox 1479 0 1512 335">
    <p class='ocr_par' dir='ltr' id='par_1_8' title="bbox 1479 0 1512 335">
     <span class='ocr_line' id='line_1_50' title="bbox 1479 0 1512 335; textangle 90"><span class='ocrx_word' id='word_1_527' title='bbox 1507 315 1512 335; x_wconf 63' lang='grc'>.-.</span> <span class='ocrx_word' id='word_1_528' title='bbox 1509 296 1512 298; x_wconf 97' lang='grc'><strong>.</strong></span> <span class='ocrx_word' id='word_1_529' title='bbox 1495 252 1512 281; x_wconf 55' lang='grc' dir='ltr'>,κ-</span> <span class='ocrx_word' id='word_1_530' title='bbox 1487 84 1512 242; x_wconf 41' lang='grc' dir='ltr'>μι-ι-αὐι.»</span> <span class='ocrx_word' id='word_1_531' title='bbox 1479 0 1512 71; x_wconf 48' lang='grc' dir='ltr'>σ”.ἷν-’ἆ</span> 
     </span>
    </p>
   </div>
  </div>
 </body>
</html>
