1512 2512
634 91 879 118 PRAEFATIO.
1352 95 1415 122 vn

110 169 238 200 crimen
261 168 448 210 iniungere.
478 185 521 190 —
551 169 605 205 52,
623 168 677 200 32.
703 168 776 199 deis
805 172 863 200 aut
891 167 1072 200 hominibus
1095 177 1123 200 c.
1141 166 1180 210 Ι.]
1214 170 1287 201 deis
1319 174 1418 212 atque

107 211 302 246 hominibus.
327 229 370 236 —
395 214 448 249 52,
467 214 520 245 35.
556 211 656 245 Urbis
687 212 868 244 etiamnum
893 212 1064 253 glossema
1093 212 1218 247 iudico.
1242 230 1286 236 —
1306 219 1420 255 potest

109 258 236 291 occulte
261 266 288 288 c.
307 253 350 300 1.]
377 260 503 290 occulte
524 260 649 298 potest.
667 272 711 279 —
735 257 790 294 52,
808 257 863 289 36.
889 266 949 298 290
967 257 1015 289 ita
1032 256 1100 296 (ed.
1117 257 1217 296 1864)
1244 268 1272 292 c.
1289 256 1330 300 1.]
1358 261 1415 297 ita,

105 317 150 324 —
174 302 229 339 53,
247 301 279 333 5.
303 301 525 333 Vehementer
548 300 689 332 laetatus
716 310 808 339 sum,
847 301 939 340 quod
963 301 1014 332 Fr.
1032 300 1159 333 Ritschl
1185 301 1288 342 (Mus.
1311 302 1418 336 Rhen.

107 344 226 378 XX12
251 346 383 388 p.316)
420 345 502 377 mihi
533 345 698 377 adsensus
730 351 797 383 est,
837 345 948 376 locum
979 345 1145 377 vocabulo
1180 347 1307 379 omisso
1338 357 1419 380 con-

105 397 242 432 ruptum
267 390 480 422 statuendum
512 390 625 432 potius
658 399 750 428 esse,
787 399 887 429 quam
918 390 1183 422 emendationem
1215 391 1417 424 deteriorum

107 434 268 466 librorum
293 435 396 477 effeta
417 438 560 476 parente
585 434 830 476 accipiumiam,
857 434 956 465 etiam
980 434 1209 467 vehementius
1234 436 1326 475 quod
1350 446 1418 469 non

105 483 233 518 aetate,
271 487 322 512 set
350 481 381 511 vi
411 479 579 510 excidisse
608 479 723 510 docuit
758 478 936 518 locumque
973 485 1109 520 optume
1142 479 1344 513 inlustravit.
1373 497 1418 504 —

105 524 160 562 54,
178 524 209 555 5.
235 521 306 566 illa]
333 525 421 556 illum
444 523 469 557 1.
516 523 600 555 Illud
625 523 744 554 retinui
770 532 835 554 non
869 523 910 555 ob
941 522 1103 555 librorum
1133 523 1280 564 aliquam
1305 524 1416 564 fldem,

105 575 155 599 set
180 567 222 599 ob
248 569 432 600 sententiae
461 568 728 600 concinnitatem.
759 583 802 590 —-
832 569 885 606 55,
907 568 936 599 1.
965 565 1141 610 tresviros]
1175 570 1365 602 triumviros
1388 570 1414 603 1.

104 612 165 644 Ad
187 621 263 643 cum
287 611 421 644 defendi
446 622 549 654 posse
575 612 737 650 videatur,
765 611 843 643 nolo
869 612 1084 654 suspiciones
1109 613 1216 653 sequi.
1241 630 1284 636 —
1308 615 1363 652 55,
1381 616 1414 647 3.

104 657 299 689 ascenderis
323 656 483 688 librorum
508 656 573 688 fide
597 657 864 688 commendatur:
891 657 924 687 in
950 663 1042 688 tanta
1066 657 1113 688 rei
1132 657 1334 690 obscuritate
1350 668 1415 700 ego

104 699 186 732 nihil
210 700 400 733 discernere
425 702 545 733 audeo.
570 717 614 724 —
644 702 697 739 55,
716 702 748 735 5.
773 701 886 732 Verba
908 702 1056 733 vindices
1084 712 1196 733 rerum
1223 703 1416 743 capitalium

106 751 266 787 suspecta
290 756 365 778 esse
389 746 487 777 etiam
513 746 536 778 Ι.
562 745 732 777 iudicavit.
758 761 801 767 —
832 746 886 786 57,
906 746 937 779 1.
967 747 1002 777 in
1029 746 1168 778 Galliam
1195 743 1415 788 [Transalpi-

103 786 220 832 nam]]
246 788 326 822 Sine
350 791 445 822 uncis
471 790 494 823 1.
531 789 673 821 Facilius
700 798 762 831 ego
789 789 911 820 nimiae
928 790 1179 831 suspicacitatis
1199 791 1414 832 obprobrium

104 833 287 876 perferam,
325 843 425 874 quam
456 835 489 865 in
523 833 683 866 Sallustio
721 834 825 865 mirae
856 841 956 874 atque
987 834 1178 866 inconditae
1208 836 1413 868 narrationis

103 878 229 910 crimen
259 878 461 919 relinquam.
490 895 534 902 -
565 879 619 917 57,
636 880 668 910 4.
706 878 730 909 I.
757 878 857 909 verba
887 879 922 909 in
949 879 1034 920 fuya
1065 878 1173 911 deleta
1202 879 1283 911 volt.
1332 879 1415 912 Mihi

102 932 271 965 proxume
295 923 338 955 ad
363 933 477 955 verum
502 923 692 955 adcessisse
717 923 769 955 Fr.
789 922 917 954 Ritschl
942 923 1072 955 videtur
1092 923 1194 964 (Mus.
1212 923 1319 957 Rhen.
1346 924 1367 956 l.
1386 934 1414 957 c.

105 977 139 1009 p.
156 966 237 1003 319)
262 969 442 1009 empeditus
467 969 622 1000 tardatos
646 970 679 999 in
693 967 778 1007 fuya
803 967 901 999 scribi
919 967 1050 999 iubens.
1066 984 1110 991 —
1135 968 1189 1009 58,
1204 969 1236 1000 5.
1262 979 1325 1011 quo
1343 970 1415 1001 loco

104 1010 175 1050 (ed.
194 1012 294 1052 1864)
320 1010 358 1054 1.]
386 1023 449 1055 quo
473 1013 507 1043 in
531 1014 614 1045 Ioco.
640 1028 683 1034 —
708 1013 762 1049 58,
782 1013 814 1045 9.
840 1014 892 1043 sin
915 1021 944 1043 c.
963 1012 1101 1050 Kritzio,
1128 1012 1162 1044 id
1187 1013 1278 1052 quod
1303 1012 1414 1044 latini-

103 1064 154 1088 tas
180 1056 342 1098 postulat,
368 1057 543 1088 restituere
566 1056 680 1094 malui,
707 1066 807 1096 quam
833 1056 946 1087 stricte
969 1066 988 1087 a
1011 1056 1156 1088 librariis
1182 1056 1338 1089 lineolam
1355 1057 1415 1089 ad·

103 1101 228 1142 pictam
255 1111 330 1133 esse
347 1111 482 1143 negare.
500 1117 544 1124 —
569 1102 687 1141 58,11.
711 1111 777 1142 pro
790 1101 943 1141 potentia
956 1111 1140 1142 paucorum
1153 1112 1306 1143 pugnare
1330 1112 1358 1133 c.
1371 1099 1413 1144 1.]

99 1155 254 1187 puynare
276 1155 340 1187 pro
365 1147 517 1186 potentia
537 1155 731 1186 paucorum.
749 1162 792 1167 —
817 1147 871 1183 58,
891 1146 945 1177 12.
969 1146 1215 1187 adyrediamini
1237 1143 1324 1188 c.1.]
1353 1147 1415 1178 ad-

101 1190 288 1232 yredimt'm'.
352 1189 561 1229 Quamquam
599 1190 805 1231 inperativus
838 1189 974 1231 gravior
1010 1197 1041 1221 et
1076 1188 1238 1222 Catilinae
1277 1191 1414 1232 ingenio

103 1234 214 1276 aptior
236 1234 379 1267 videtur.
403 1250 446 1257 --
471 1235 524 1271 59,
544 1235 574 1267 5.
602 1231 746 1275 tumulti]
776 1235 927 1265 tumultus
951 1233 976 1267 Ι.
1025 1233 1189 1266 Incertum
1214 1234 1297 1266 mihi
1321 1235 1415 1266 vide-

103 1285 168 1316 tur,
194 1288 274 1310 num
298 1278 484 1320 singularia
508 1285 540 1310 et
563 1279 702 1319 antiqua
725 1277 792 1318 illa,
818 1288 905 1318 quae
928 1279 961 1309 in
978 1279 1096 1319 paucis
1121 1285 1179 1310 aut
1194 1279 1228 1310 in
1246 1288 1312 1311 uno
1327 1278 1413 1311 libro

102 1323 329 1362 inveniuntur,
357 1323 652 1365 grammaticorum
676 1322 923 1365 praeiudicatae
949 1323 1100 1364 opinioni
1125 1333 1164 1354 ac
1186 1324 1332 1365 pruritui
1356 1323 1414 1355 de-

103 1368 254 1406 beantur,
279 1377 322 1399 an
346 1369 381 1398 in
405 1367 588 1409 archetypo
613 1375 746 1399 servata
769 1377 830 1409 per
853 1367 989 1408 ignaros
1015 1368 1049 1398 in
1074 1367 1226 1409 volgaria
1243 1375 1275 1399 et
1290 1368 1415 1400 usitata

101 1418 306 1443 commutata
337 1413 417 1446 sint.
441 1429 485 1434 —
517 1413 572 1450 60,
590 1413 622 1443 2.
647 1410 763 1452 Neque
787 1410 896 1443 Nonio
929 1418 1056 1443 tantum
1087 1412 1196 1444 tribuo
1234 1418 1270 1443 ut
1298 1419 1415 1444 contra

103 1456 206 1488 libros
231 1467 254 1488 a
277 1457 450 1498 recipiam,
476 1466 585 1495 neque
608 1455 715 1494 libris,
753 1462 787 1487 ut
811 1463 927 1487 contra
951 1466 1049 1487 usum
1074 1465 1112 1487 ac
1137 1457 1414 1488 consuetudinem

103 1499 300 1532 Latinorum
330 1511 400 1532 cum
430 1501 562 1540 infestis
593 1501 697 1542 signis
733 1501 917 1541 genuinum
955 1510 1031 1531 esse
1061 1501 1204 1532 credam.
1234 1517 1279 1524 —
1308 1501 1364 1541 61,
1382 1503 1414 1533 3.

103 1545 216 1578 Verba
246 1547 310 1578 alis
341 1545 421 1577 alibi
453 1550 599 1585 stantes,
637 1554 723 1584 quae
747 1543 856 1576 Diom.
882 1554 916 1586 p.
934 1546 998 1577 333
1035 1552 1067 1576 et
1096 1544 1271 1577 Charisius
1296 1555 1331 1587 p.
1350 1545 1414 1578 159

104 1599 171 1621 uno
196 1598 365 1622 consensu
395 1599 471 1621 cum
495 1599 606 1622 omnes
636 1593 744 1621 tamen
767 1589 922 1622 advorsis
945 1589 1134 1621 volneribus
1163 1590 1277 1621 iuncta
1308 1589 1415 1621 fuisse

103 1633 324 1673 tradiderunt,
357 1641 392 1666 ut
416 1643 491 1665 cum
515 1633 659 1666 Iordano
685 1643 796 1665 errore
826 1634 1008 1665 memoriae
1039 1643 1080 1664 ex
1105 1635 1160 1672 60,
1178 1635 1198 1666 5
1228 1634 1313 1666 alios
1336 1633 1417 1667 alibi

103 1680 293 1711 resistentis
317 1678 404 1710 male
428 1678 570 1710 conflata
595 1688 669 1710 esse
693 1678 826 1709 credam
851 1687 918 1709 non
943 1677 1103 1709 adducor.

192 1721 282 1765 Iug-
311 1724 341 1761 1,
361 1724 391 1755 5.
417 1733 457 1755 αο
478 1724 668 1764 pernitiosa
692 1733 734 1754 ex
759 1723 906 1764 August.
933 1722 996 1764 Ep.
1014 1719 1104 1764 LIV]
1132 1722 1195 1755 del.
1212 1722 1237 1754 Ι.
1278 1723 1414 1762 Aequa-

102 1767 230 1799 bilitate
254 1768 481 1799 membrorum
505 1767 608 1799 multo
634 1767 743 1809 magis
768 1767 1044 1799 commendantur
1075 1766 1131 1797 illa
1162 1766 1279 1804 verba,
1313 1777 1415 1806 quam

104 1821 190 1851 quae
206 1811 230 1845 Ι.
259 1809 295 1844 C.
311 1812 342 1849 6,
357 1813 377 1843 2
402 1812 583 1843 inserunda
607 1813 748 1853 putavit.
785 1810 879 1848 Quod
904 1812 937 1842 in
962 1811 1052 1842 nullo
1077 1810 1162 1842 libro
1180 1811 1306 1852 scripta
1322 1819 1414 1853 sunt,

105 1864 191 1887 certe
216 1855 417 1888 documento
444 1863 510 1894 est,
544 1866 658 1888 omnes
684 1856 787 1887 libros
819 1865 861 1887 ex
894 1865 958 1887 uno
984 1855 1166 1898 archetypo
1192 1854 1348 1889 fluxisse.
1371 1871 1416 1879 —

103 1902 135 1938 3,
155 1902 184 1932 1.
224 1899 350 1932 Locum
381 1901 541 1933 constitui
571 1901 754 1932 secundum
787 1909 843 1941 ea,
884 1910 970 1939 quae
1000 1899 1244 1931 liberalissume
1273 1909 1327 1930 me
1356 1899 1414 1932 W.

101 1943 311 1982 Roschu,
336 1945 467 1977 iuvenis
492 1945 732 1981 doctissumus,
758 1954 820 1986 per
843 1944 968 1975 litteras
993 1944 1135 1977 monuit.
1161 1960 1202 1966 -·
1232 1944 1267 1981 4,
1283 1944 1316 1975 4.
1343 1946 1413 1986 qui-

105 1989 164 2021 bus
187 2005 232 2012 —
261 1990 405 2031 adeptus
434 1999 503 2021 sum
535 1991 649 2031 quales
680 1999 754 2020 cum
786 1988 909 2020 Kritzio
941 1987 1007 2027 (ed.
1028 1989 1113 2021 1856
1144 1997 1187 2019 ex
1217 1987 1413 2030 Elberlingii

105 2031 327 2075 coniectura)]
355 2035 497 2075 adeptus
521 2035 581 2066 sim
606 2039 639 2066 et
663 2035 777 2075 quales
803 2033 826 2066 Ι.
854 2042 928 2063 cum
952 2032 1058 2064 libris.
1107 2031 1178 2069 Quo
1204 2032 1307 2064 modo
1331 2031 1415 2064 haec

105 2078 271 2120 scriptura
313 2085 344 2109 et
384 2078 512 2120 logicae
558 2079 679 2109 rationi
727 2085 758 2108 et
795 2076 931 2108 Sallusti
971 2077 1187 2108 concinnitati
1225 2077 1412 2116 conveniat,

104 2131 172 2153 non
198 2122 342 2155 invenio.
375 2139 417 2145 —
448 2124 481 2160 4,
501 2123 530 2154 7.
556 2122 607 2154 llis
630 2119 785 2163 moribus]
818 2121 843 2152 1.
871 2123 918 2153 eis
947 2121 1101 2154 moribus.
1127 2138 1171 2144 —
1201 2122 1233 2159 5,
1251 2123 1281 2155 3.
1306 2131 1413 2163 empe-

104 2167 193 2198 diam
224 2167 265 2198 ob
296 2167 574 2198 consuetudinem
606 2165 744 2198 Sallusti
782 2165 940 2205 illiusque
967 2165 1099 2206 aetatis]
1131 2166 1279 2207 expedio
1310 2165 1334 2198 1.
1371 2175 1416 2197 ex

104 2209 209 2242 libris.
233 2227 277 2234 —-
302 2212 334 2248 5,
351 2212 384 2245 4.
410 2209 547 2253 Suface]
575 2211 729 2252 Syphace
754 2210 779 2244 Ι.
804 2227 848 2233 -
872 2211 903 2248 5,
923 2212 954 2244 5.
978 2211 1040 2242 sed
1063 2211 1200 2241 retinuit
1223 2209 1247 2241 1.
1286 2208 1410 2251 Suspe-

102 2261 194 2286 ctum
216 2253 280 2286 fuit
303 2255 370 2286 iam
394 2264 470 2287 ante
494 2265 546 2287 me
570 2255 715 2287 Linkero
741 2262 773 2286 et
797 2254 962 2296 Bojeseno
990 2251 1064 2297 [qui
1088 2259 1122 2286 et
1145 2250 1327 2295 conrexit].
1366 2252 1413 2285 Ne
