1537 2512
94 73 146 114 84
325 85 380 111 De
407 83 540 110 nanno
571 83 837 111 ivovnrfflxo
868 83 904 111 ο.
939 78 996 113 77.
1019 78 1076 113 78.
1106 77 1163 113 79.

96 188 217 223 semet
247 183 324 231 igni
356 186 627 230 conrumpunt,
663 187 700 220 et
728 193 822 232 quas
853 182 939 220 victi
966 181 1012 220 ab
1044 181 1220 220 hostibus
1251 192 1395 232 poenas

98 241 326 281 metuerant,
359 248 424 275 eas
453 237 525 286 ipsi
555 235 725 275 volentes
755 237 986 287 pependere.

31 293 82 330 77
211 292 277 331 Set
307 293 450 342 pariter
482 302 569 330 cum
600 296 709 341 capta
740 291 859 330 Thala
896 291 1011 341 legati
1042 303 1086 330 ex
1116 291 1257 343 oppido
1286 290 1396 342 Lepti

99 349 145 388 ad
173 346 367 386 Metellum
385 350 581 389 venerant,
613 351 778 390 orantes,
802 347 857 385 uti
882 346 1115 397 praesidium
1138 345 1395 397 praefectum-

100 416 174 454 que
196 415 242 442 eo
262 403 446 441 mitteret:
469 400 723 440 Hamilcarem
758 402 968 452 quendam,
994 401 1189 440 hominem
1224 399 1422 441 nobilems

101 458 322 501 factiosum,
354 457 461 495 novis
491 455 609 495 rebus
629 457 797 500 studere,
829 457 1035 496 advorsum
1058 467 1173 507 quem
1193 455 1395 507 uequeim-

101 514 207 564 peria
236 513 529 561 magistratuum
558 523 684 561 neque
706 512 810 561 leges
831 512 1020 551 valerent:
1051 513 1090 550 ni
1119 511 1156 550 id
1187 510 1394 554 festinaret,

68 579 88 610 2
102 570 140 607 in
161 579 312 607 summo
333 566 507 618 periculo
525 577 633 606 suam
653 567 833 610 salutem,
857 567 1010 606 illorum
1033 567 1159 605 socios
1174 566 1268 604 fore.
1300 565 1398 605 Nam

103 624 293 675 Leptitani
313 624 388 661 iam
410 622 499 660 inde
521 633 542 660 a
562 622 751 674 principio
775 621 865 661 belli
885 620 1139 674 [Iugurthini]
1161 620 1209 660 ad
1230 620 1397 659 Bestiam

103 678 303 717 consulem
325 684 362 716 et
380 682 513 728 postea
541 676 702 716 Romam
732 678 914 716 miserant
936 678 1138 716 amicitiam
1158 677 1445 717 societatem-10

68 744 180 785 aque
200 738 389 783 rogatum.
431 732 595 776 Deinde,
628 733 694 772 ubi
717 745 760 772 ea
782 734 990 782 inpetrata,
1021 743 1174 782 semper
1195 730 1287 769 boni
1305 729 1398 769 fide-

103 788 236 839 lesque
263 799 441 827 mansere
467 792 503 827 et
532 794 668 828 cuncta
699 799 718 825 3
749 787 894 832 Bestia,
927 787 1064 826 Albino
1093 785 1401 838 Metelloqueim·

103 850 237 895 perata
274 856 370 883 nave
402 843 584 882 fecerant.
649 843 780 894 ltaque
806 842 853 882 ab
883 843 1118 895 imperatore
1154 841 1264 880 facile
1300 852 1399 892 quae

103 899 287 950 petebant
314 899 453 950 adepti.
513 898 683 938 Emissae
713 910 758 937 eo
791 898 971 937 cohortes
1000 898 1186 948 Ligurum
1218 901 1398 947 quattuor

105 959 143 994 et
163 954 206 994 G.
231 956 377 994 Annius
396 954 624 1004 praefectus.
1414 967 1444 993 ιε

37 1016 90 1058 78
217 1010 259 1049 ld
281 1009 464 1060 oppidum
486 1009 532 1048 ab
558 1009 723 1048 Sidoniis
744 1010 940 1049 conditum
961 1013 1036 1052 est,
1069 1019 1164 1059 quos
1184 1007 1402 1057 accepimus

105 1065 292 1116 profugos
322 1065 370 1104 ob
399 1065 609 1104 discordias
639 1065 756 1104 civilis
778 1065 938 1104 navibus
959 1065 997 1102 in
1023 1075 1088 1102 eos
1111 1062 1216 1102 locos
1239 1063 1399 1106 venisse,

107 1125 279 1160 ceterum
301 1122 413 1160 situm
439 1121 538 1159 inter
567 1120 661 1159 duas
685 1121 816 1172 Syrtis,
847 1121 986 1172 quibus
1015 1130 1157 1158 nomen
1191 1129 1237 1157 ex
1272 1129 1315 1156 re
1345 1117 1401 1156 in-

71 1176 239 1223 2ditum.
274 1176 370 1215 Nam
389 1176 464 1215 duo
488 1180 578 1215 sunt
604 1177 710 1215 sinus
731 1187 853 1226 prope
878 1178 916 1214 in
939 1179 1110 1215 extrema
1131 1173 1271 1218 Africa,
1294 1174 1402 1223 inpa-

106 1242 170 1270 res
185 1232 458 1281 magnitudine,
476 1232 559 1281 pari
576 1235 732 1270 natura:
758 1243 922 1282 quorum
938 1241 1128 1281 proxuma
1145 1233 1273 1268 terrae
1291 1239 1402 1278 prae·
1417 1245 1449 1271 20

108 1286 182 1325 alta
213 1292 313 1331 sunt,
347 1291 486 1330 cetera,
518 1287 572 1324 uti
593 1285 673 1325 fors
696 1286 793 1331 tulit,
817 1286 890 1325 alta
914 1286 997 1329 alia,
1023 1285 1092 1323 alia
1116 1285 1152 1323 in
1177 1287 1403 1334 tempestate

72 1352 94 1387 3
109 1341 260 1381 vadosa.
286 1341 382 1380 Nam
398 1341 464 1380 ubi
478 1352 584 1380 mare
602 1352 784 1391 magnum
806 1353 889 1381 esse
905 1348 942 1380 et
962 1341 1108 1380 saevire
1130 1340 1252 1378 ventis
1265 1339 1402 1389 eoepit,

106 1397 242 1436 limum
271 1397 534 1447 harenamque
572 1401 608 1435 et
642 1409 732 1436 saxa
769 1398 935 1447 ingentia
972 1395 1112 1435 ssuctus
1139 1394 1318 1433 trahunt:
1353 1394 1403 1433 ita

108 1452 225 1491 facies
244 1451 419 1491 locorum
441 1463 527 1491 cum
549 1453 669 1491 ventis
690 1452 802 1491 simul
823 1457 1004 1492 mutatur.
1055 1451 1186 1502 Syrtes
1211 1449 1258 1489 ab
1280 1453 1405 1489 tractu

72 1509 338 1553 4nominatae.
392 1508 483 1547 Eius
527 1508 684 1546 civitatis
713 1507 842 1558 lingua
874 1507 989 1546 modo
1020 1517 1205 1545 convorsa
1235 1504 1401 1544 conubio
1416 1521 1448 1547 2⁵

107 1561 378 1607 Numidarum,
408 1563 537 1612 legum
567 1562 769 1614 cultusque
793 1563 977 1614 pleraque
1001 1562 1200 1605 Sidonica,
1233 1572 1332 1612 quae
1358 1571 1404 1599 eo

107 1616 255 1657 facilius
281 1617 517 1661 retinebant,
554 1618 655 1668 quod
687 1619 823 1668 procul
853 1618 900 1657 ab
916 1618 1079 1668 imperio
1109 1616 1212 1665 regis
1242 1619 1404 1655 aetatem

108 1673 284 1723 agebant.
325 1673 427 1713 Inter
450 1671 534 1711 illos
555 1678 590 1712 et
612 1673 852 1725 frequentem
874 1673 1090 1712 Numidiam
1112 1671 1219 1710 multi
1235 1671 1406 1722 vastique

107 1726 181 1767 loci
211 1735 332 1773 erant,

39 1791 92 1831 79
219 1783 284 1823 Set
305 1785 486 1835 quoniam
508 1785 544 1822 in
567 1796 630 1823 eas
649 1785 828 1833 regiones
849 1796 919 1834 per
942 1783 1229 1833 Leptitanorum
1251 1782 1403 1832 negotia
1417 1795 1450 1822 ³0

110 1839 301 1884 venimus,
331 1851 407 1878 non
439 1839 637 1889 indignum
668 1840 818 1878 videtur
848 1839 1047 1889 egregium
1076 1844 1190 1889 atque
1214 1848 1404 1877 memora·

108 1893 183 1932 bile
208 1895 354 1933 facinus
376 1894 541 1934 duorum
563 1895 933 1945 Carthaginiensium
956 1906 1192 1933 memorare:
1216 1904 1300 1941 eam
1321 1903 1405 1932 rem

73 1961 93 1993 2
108 1947 217 2001 [nos]
237 1949 345 1989 locus
366 1949 573 1989 admonuit.
615 1950 695 1996 Qua
722 1955 947 2001 tempestate
968 1949 1305 2000 Carthaginienses
1324 1946 1405 1999 ple·

108 2015 227 2054 raque
249 2005 375 2044 Africa
388 2005 671 2056 imperitabant,
695 2006 935 2045 Curenenses
956 2017 1110 2056 quoque
1137 2005 1264 2054 magni
1290 2008 1404 2054 atque

72 2059 278 2110 30pnlenti
317 2060 436 2100 fuere.
502 2063 603 2112 Ager
643 2063 681 2100 in
713 2062 839 2100 medio
872 2061 1110 2103 harenosus,
1149 2071 1223 2098 una
1254 2059 1449 2109 speciem

108 2125 233 2166 neque
264 2114 405 2154 flumen
437 2127 563 2167 neque
592 2128 702 2155 mons
732 2123 832 2159 erat.
871 2118 935 2167 qui
965 2117 1049 2155 finis
1087 2126 1222 2154 eorum
1260 2115 1403 2154 discer-

108 2175 228 2209 neret.
254 2172 359 2219 Quae
377 2183 438 2209 res
469 2183 534 2210 eos
551 2173 587 2210 in
605 2183 744 2221 magno
762 2172 1020 2223 diuturnoque
1037 2170 1137 2210 bello
1157 2171 1255 2209 inter
1274 2181 1315 2209 se
1336 2169 1403 2209 ha·

76 2236 91 2267 4
108 2224 200 2264 buit.
233 2226 437 2277 Postquam
459 2228 652 2277 utrimque
669 2227 861 2276 legiones,
886 2228 973 2266 item
999 2226 1138 2266 classes
1161 2236 1276 2276 saepe
1296 2225 1404 2265 susae

110 2280 351 2332 fugataeque,
385 2288 421 2319 et
448 2281 555 2321 alteri
583 2282 722 2321 alteros
751 2283 986 2334 aliquantum
1018 2281 1261 2325 adtriverant,
1294 2281 1402 2320 veriti
