<?xml version="1.0" encoding="UTF-8"?>
<!DOCTYPE html PUBLIC "-//W3C//DTD XHTML 1.0 Transitional//EN"
    "http://www.w3.org/TR/xhtml1/DTD/xhtml1-transitional.dtd">
<html xmlns="http://www.w3.org/1999/xhtml" xml:lang="en" lang="en">
 <head>
  <title>
</title>
<meta http-equiv="Content-Type" content="text/html;charset=utf-8" />
  <meta name='ocr-system' content='tesseract 3.04.00' />
  <meta name='ocr-capabilities' content='ocr_page ocr_carea ocr_par ocr_line ocrx_word'/>
</head>
<body>
  <div class='ocr_page' id='page_1' title='image "./libridecatilinae00salluoft_0111.png"; bbox 0 0 1537 2512; ppageno 0'>
   <div class='ocr_carea' id='block_1_1' title="bbox 387 85 1375 126">
    <p class='ocr_par' dir='ltr' id='par_1_1' title="bbox 387 85 1375 126">
     <span class='ocr_line' id='line_1_1' title="bbox 387 85 1375 126; baseline 0.002 -2"><span class='ocrx_word' id='word_1_1' title='bbox 387 97 443 124; x_wconf 79' lang='lat' dir='ltr'><strong>m:</strong></span> <span class='ocrx_word' id='word_1_2' title='bbox 473 97 608 124; x_wconf 58' lang='lat' dir='ltr'><strong>nmmo</strong></span> <span class='ocrx_word' id='word_1_3' title='bbox 638 97 902 124; x_wconf 67' lang='lat' dir='ltr'><strong>wovmmxo</strong></span> <span class='ocrx_word' id='word_1_4' title='bbox 934 97 967 124; x_wconf 90' lang='lat' dir='ltr'><strong>c.</strong></span> <span class='ocrx_word' id='word_1_5' title='bbox 998 92 1053 126; x_wconf 83' lang='lat'><strong>85.</strong></span> <span class='ocrx_word' id='word_1_6' title='bbox 1324 85 1375 126; x_wconf 82' lang='lat'><strong>89</strong></span> 
     </span>
    </p>
   </div>
   <div class='ocr_carea' id='block_1_2' title="bbox 20 193 1433 2281">
    <p class='ocr_par' dir='ltr' id='par_1_2' title="bbox 20 193 1433 404">
     <span class='ocr_line' id='line_1_2' title="bbox 20 193 1431 245; baseline 0 -12"><span class='ocrx_word' id='word_1_7' title='bbox 20 195 23 198; x_wconf 86' lang='lat'>&#39;</span> <span class='ocrx_word' id='word_1_8' title='bbox 79 206 150 245; x_wconf 86' lang='lat' dir='ltr'><strong>ego</strong></span> <span class='ocrx_word' id='word_1_9' title='bbox 182 194 379 234; x_wconf 87' lang='lat' dir='ltr'><strong>militando</strong></span> <span class='ocrx_word' id='word_1_10' title='bbox 410 193 535 233; x_wconf 90' lang='lat' dir='ltr'><strong>didici.</strong></span> <span class='ocrx_word' id='word_1_11' title='bbox 590 194 699 234; x_wconf 67' lang='lat' dir='ltr'><strong>Nunc</strong></span> <span class='ocrx_word' id='word_1_12' title='bbox 720 207 786 233; x_wconf 74' lang='lat' dir='ltr'><strong>vos</strong></span> <span class='ocrx_word' id='word_1_13' title='bbox 812 196 1053 239; x_wconf 83' lang='lat' dir='ltr'><strong>existumate,</strong></span> <span class='ocrx_word' id='word_1_14' title='bbox 1082 195 1180 233; x_wconf 84' lang='lat' dir='ltr'><strong>facta</strong></span> <span class='ocrx_word' id='word_1_15' title='bbox 1205 207 1252 234; x_wconf 88' lang='lat' dir='ltr'><strong>an</strong></span> <span class='ocrx_word' id='word_1_16' title='bbox 1275 196 1374 235; x_wconf 90' lang='lat' dir='ltr'><strong>dicta</strong></span> <span class='ocrx_word' id='word_1_17' title='bbox 1391 202 1431 234; x_wconf 78' lang='lat'><strong>14</strong></span> 
     </span>
     <span class='ocr_line' id='line_1_3' title="bbox 78 249 1374 301; baseline 0.002 -13"><span class='ocrx_word' id='word_1_18' title='bbox 78 249 200 300; x_wconf 87' lang='lat' dir='ltr'><strong>pluris</strong></span> <span class='ocrx_word' id='word_1_19' title='bbox 216 251 301 288; x_wconf 89' lang='lat' dir='ltr'><strong>sint.</strong></span> <span class='ocrx_word' id='word_1_20' title='bbox 337 249 595 288; x_wconf 83' lang='lat' dir='ltr'><strong>Contemnunt</strong></span> <span class='ocrx_word' id='word_1_21' title='bbox 615 251 820 289; x_wconf 77' lang='lat' dir='ltr'><strong>novitatem</strong></span> <span class='ocrx_word' id='word_1_22' title='bbox 841 261 978 294; x_wconf 85' lang='lat' dir='ltr'><strong>meam,</strong></span> <span class='ocrx_word' id='word_1_23' title='bbox 1001 262 1070 301; x_wconf 83' lang='lat' dir='ltr'><strong>ego</strong></span> <span class='ocrx_word' id='word_1_24' title='bbox 1091 249 1245 289; x_wconf 90' lang='lat' dir='ltr'><strong>illorum</strong></span> <span class='ocrx_word' id='word_1_25' title='bbox 1268 252 1374 301; x_wconf 83' lang='lat' dir='ltr'><strong>igna-</strong></span> 
     </span>
     <span class='ocr_line' id='line_1_4' title="bbox 78 303 1433 356; baseline 0.004 -14"><span class='ocrx_word' id='word_1_26' title='bbox 78 305 197 343; x_wconf 76' lang='lat' dir='ltr'><strong>viam:</strong></span> <span class='ocrx_word' id='word_1_27' title='bbox 219 305 311 343; x_wconf 87' lang='lat' dir='ltr'><strong>mihi</strong></span> <span class='ocrx_word' id='word_1_28' title='bbox 335 304 500 349; x_wconf 83' lang='lat' dir='ltr'><strong>fortuna,</strong></span> <span class='ocrx_word' id='word_1_29' title='bbox 523 304 595 343; x_wconf 91' lang='lat' dir='ltr'><strong>illis</strong></span> <span class='ocrx_word' id='word_1_30' title='bbox 614 304 760 356; x_wconf 82' lang='lat' dir='ltr'><strong>probra</strong></span> <span class='ocrx_word' id='word_1_31' title='bbox 771 305 1030 345; x_wconf 88' lang='lat' dir='ltr'><strong>obiectantur.</strong></span> <span class='ocrx_word' id='word_1_32' title='bbox 1047 303 1287 356; x_wconf 82' lang='lat' dir='ltr'><strong>Quamquam</strong></span> <span class='ocrx_word' id='word_1_33' title='bbox 1303 316 1374 355; x_wconf 86' lang='lat' dir='ltr'><strong>ego</strong></span> <span class='ocrx_word' id='word_1_34' title='bbox 1392 315 1433 347; x_wconf 90' lang='lat'><strong>15</strong></span> 
     </span>
     <span class='ocr_line' id='line_1_5' title="bbox 77 359 1377 404; baseline 0.002 -7"><span class='ocrx_word' id='word_1_35' title='bbox 77 364 255 399; x_wconf 89' lang='lat' dir='ltr'><strong>naturam</strong></span> <span class='ocrx_word' id='word_1_36' title='bbox 276 371 391 399; x_wconf 91' lang='lat' dir='ltr'><strong>unam</strong></span> <span class='ocrx_word' id='word_1_37' title='bbox 420 365 457 398; x_wconf 84' lang='lat' dir='ltr'><strong>et</strong></span> <span class='ocrx_word' id='word_1_38' title='bbox 480 371 724 399; x_wconf 90' lang='lat' dir='ltr'><strong>communem</strong></span> <span class='ocrx_word' id='word_1_39' title='bbox 754 361 924 399; x_wconf 90' lang='lat' dir='ltr'><strong>omnium</strong></span> <span class='ocrx_word' id='word_1_40' title='bbox 944 360 1149 404; x_wconf 82' lang='lat' dir='ltr'><strong>existumo,</strong></span> <span class='ocrx_word' id='word_1_41' title='bbox 1173 365 1230 399; x_wconf 91' lang='lat' dir='ltr'><strong>set</strong></span> <span class='ocrx_word' id='word_1_42' title='bbox 1251 359 1377 400; x_wconf 86' lang='lat' dir='ltr'><strong>sortis-</strong></span> 
     </span>
    </p>

    <p class='ocr_par' dir='ltr' id='par_1_3' title="bbox 48 415 1432 686">
     <span class='ocr_line' id='line_1_6' title="bbox 48 415 1432 466; baseline 0.003 -16"><span class='ocrx_word' id='word_1_43' title='bbox 48 425 231 454; x_wconf 71' lang='lat' dir='ltr'><strong>ssumum</strong></span> <span class='ocrx_word' id='word_1_44' title='bbox 258 426 450 466; x_wconf 81' lang='lat' dir='ltr'><strong>quemque</strong></span> <span class='ocrx_word' id='word_1_45' title='bbox 482 415 850 464; x_wconf 80' lang='lat' dir='ltr'><strong>generosissumum.</strong></span> <span class='ocrx_word' id='word_1_46' title='bbox 902 416 956 453; x_wconf 87' lang='lat' dir='ltr'><strong>Ac</strong></span> <span class='ocrx_word' id='word_1_47' title='bbox 983 416 1013 453; x_wconf 92' lang='lat' dir='ltr'><strong>si</strong></span> <span class='ocrx_word' id='word_1_48' title='bbox 1041 416 1115 453; x_wconf 91' lang='lat' dir='ltr'><strong>iam</strong></span> <span class='ocrx_word' id='word_1_49' title='bbox 1138 427 1184 454; x_wconf 78' lang='lat' dir='ltr'><strong>ex</strong></span> <span class='ocrx_word' id='word_1_50' title='bbox 1204 415 1376 465; x_wconf 86' lang='lat' dir='ltr'><strong>patribus</strong></span> <span class='ocrx_word' id='word_1_51' title='bbox 1393 427 1432 460; x_wconf 84' lang='lat'><strong>16</strong></span> 
     </span>
     <span class='ocr_line' id='line_1_7' title="bbox 76 468 1378 521; baseline 0.002 -14"><span class='ocrx_word' id='word_1_52' title='bbox 76 468 202 508; x_wconf 84' lang='lat' dir='ltr'><strong>Albini</strong></span> <span class='ocrx_word' id='word_1_53' title='bbox 224 474 286 508; x_wconf 86' lang='lat' dir='ltr'><strong>aut</strong></span> <span class='ocrx_word' id='word_1_54' title='bbox 309 469 459 508; x_wconf 81' lang='lat' dir='ltr'><strong>Bestiae</strong></span> <span class='ocrx_word' id='word_1_55' title='bbox 481 471 614 520; x_wconf 90' lang='lat' dir='ltr'><strong>quaeri</strong></span> <span class='ocrx_word' id='word_1_56' title='bbox 635 471 772 520; x_wconf 86' lang='lat' dir='ltr'><strong>possit,</strong></span> <span class='ocrx_word' id='word_1_57' title='bbox 806 481 917 508; x_wconf 87' lang='lat' dir='ltr'><strong>mene</strong></span> <span class='ocrx_word' id='word_1_58' title='bbox 940 482 988 508; x_wconf 91' lang='lat' dir='ltr'><strong>an</strong></span> <span class='ocrx_word' id='word_1_59' title='bbox 1009 469 1094 508; x_wconf 91' lang='lat' dir='ltr'><strong>illos</strong></span> <span class='ocrx_word' id='word_1_60' title='bbox 1124 482 1169 509; x_wconf 84' lang='lat' dir='ltr'><strong>ex</strong></span> <span class='ocrx_word' id='word_1_61' title='bbox 1200 482 1241 509; x_wconf 90' lang='lat' dir='ltr'><strong>se</strong></span> <span class='ocrx_word' id='word_1_62' title='bbox 1274 471 1378 521; x_wconf 84' lang='lat' dir='ltr'><strong>gigni</strong></span> 
     </span>
     <span class='ocr_line' id='line_1_8' title="bbox 76 523 1378 576; baseline 0.002 -14"><span class='ocrx_word' id='word_1_63' title='bbox 76 523 292 569; x_wconf 86' lang='lat' dir='ltr'><strong>maluerint,</strong></span> <span class='ocrx_word' id='word_1_64' title='bbox 315 524 406 575; x_wconf 91' lang='lat' dir='ltr'><strong>quid</strong></span> <span class='ocrx_word' id='word_1_65' title='bbox 427 535 684 575; x_wconf 84' lang='lat' dir='ltr'><strong>responsuros</strong></span> <span class='ocrx_word' id='word_1_66' title='bbox 705 525 869 568; x_wconf 83' lang='lat' dir='ltr'><strong>creditis,</strong></span> <span class='ocrx_word' id='word_1_67' title='bbox 891 526 964 563; x_wconf 90' lang='lat' dir='ltr'><strong>nisi</strong></span> <span class='ocrx_word' id='word_1_68' title='bbox 990 536 1074 564; x_wconf 87' lang='lat' dir='ltr'><strong>sese</strong></span> <span class='ocrx_word' id='word_1_69' title='bbox 1097 524 1240 564; x_wconf 89' lang='lat' dir='ltr'><strong>liberos</strong></span> <span class='ocrx_word' id='word_1_70' title='bbox 1263 537 1378 576; x_wconf 90' lang='lat' dir='ltr'><strong>quam</strong></span> 
     </span>
     <span class='ocr_line' id='line_1_9' title="bbox 77 579 1406 630; baseline 0.001 -12"><span class='ocrx_word' id='word_1_71' title='bbox 77 584 256 630; x_wconf 89' lang='lat' dir='ltr'><strong>optumos</strong></span> <span class='ocrx_word' id='word_1_72' title='bbox 277 579 464 618; x_wconf 76' lang='lat' dir='ltr'><strong>voluisse?</strong></span> <span class='ocrx_word' id='word_1_73' title='bbox 503 579 613 625; x_wconf 91' lang='lat' dir='ltr'><strong>Quod</strong></span> <span class='ocrx_word' id='word_1_74' title='bbox 630 581 660 618; x_wconf 92' lang='lat' dir='ltr'><strong>si</strong></span> <span class='ocrx_word' id='word_1_75' title='bbox 681 581 764 619; x_wconf 89' lang='lat' dir='ltr'><strong>iure</strong></span> <span class='ocrx_word' id='word_1_76' title='bbox 786 592 847 619; x_wconf 89' lang='lat' dir='ltr'><strong>me</strong></span> <span class='ocrx_word' id='word_1_77' title='bbox 868 579 1094 629; x_wconf 88' lang='lat' dir='ltr'><strong>despiciunt,</strong></span> <span class='ocrx_word' id='word_1_78' title='bbox 1115 580 1255 619; x_wconf 75' lang='lat' dir='ltr'><strong>facIant</strong></span> <span class='ocrx_word' id='word_1_79' title='bbox 1274 581 1375 619; x_wconf 89' lang='lat' dir='ltr'><strong>idem</strong></span> <span class='ocrx_word' id='word_1_80' title='bbox 1392 590 1406 623; x_wconf 87' lang='lat'><em>1</em></span> 
     </span>
     <span class='ocr_line' id='line_1_10' title="bbox 78 633 1374 686; baseline 0.001 -14"><span class='ocrx_word' id='word_1_81' title='bbox 78 634 290 673; x_wconf 89' lang='lat' dir='ltr'><strong>maioribus</strong></span> <span class='ocrx_word' id='word_1_82' title='bbox 311 635 401 678; x_wconf 87' lang='lat' dir='ltr'><strong>suis,</strong></span> <span class='ocrx_word' id='word_1_83' title='bbox 427 633 577 685; x_wconf 89' lang='lat' dir='ltr'><strong>quibus,</strong></span> <span class='ocrx_word' id='word_1_84' title='bbox 600 636 654 673; x_wconf 83' lang='lat' dir='ltr'><strong>uti</strong></span> <span class='ocrx_word' id='word_1_85' title='bbox 673 635 776 678; x_wconf 88' lang='lat' dir='ltr'><strong>mihi,</strong></span> <span class='ocrx_word' id='word_1_86' title='bbox 807 647 853 673; x_wconf 80' lang='lat' dir='ltr'><strong>ex</strong></span> <span class='ocrx_word' id='word_1_87' title='bbox 876 636 1015 674; x_wconf 76' lang='lat' dir='ltr'><strong>virtute</strong></span> <span class='ocrx_word' id='word_1_88' title='bbox 1036 634 1215 673; x_wconf 86' lang='lat' dir='ltr'><strong>nobilitas</strong></span> <span class='ocrx_word' id='word_1_89' title='bbox 1236 636 1374 686; x_wconf 89' lang='lat' dir='ltr'><strong>coepit.</strong></span> 
     </span>
    </p>

    <p class='ocr_par' dir='ltr' id='par_1_4' title="bbox 30 688 1433 961">
     <span class='ocr_line' id='line_1_11' title="bbox 30 688 1433 741; baseline 0.002 -15"><span class='ocrx_word' id='word_1_90' title='bbox 30 700 60 727; x_wconf 77' lang='lat' dir='ltr'><strong>u.</strong></span> <span class='ocrx_word' id='word_1_91' title='bbox 78 688 252 728; x_wconf 81' lang='lat' dir='ltr'><strong>Invident</strong></span> <span class='ocrx_word' id='word_1_92' title='bbox 273 689 410 728; x_wconf 91' lang='lat' dir='ltr'><strong>honori</strong></span> <span class='ocrx_word' id='word_1_93' title='bbox 431 701 537 728; x_wconf 88' lang='lat' dir='ltr'><strong>meo:</strong></span> <span class='ocrx_word' id='word_1_94' title='bbox 560 700 652 739; x_wconf 83' lang='lat' dir='ltr'><strong>ergo</strong></span> <span class='ocrx_word' id='word_1_95' title='bbox 671 690 866 728; x_wconf 81' lang='lat' dir='ltr'><strong>invideant</strong></span> <span class='ocrx_word' id='word_1_96' title='bbox 886 689 1009 728; x_wconf 89' lang='lat' dir='ltr'><strong>labori</strong></span> <span class='ocrx_word' id='word_1_97' title='bbox 1031 690 1285 734; x_wconf 84' lang='lat' dir='ltr'><strong>innocentiae,</strong></span> <span class='ocrx_word' id='word_1_98' title='bbox 1307 702 1374 741; x_wconf 90' lang='lat' dir='ltr'><strong>pe·</strong></span> <span class='ocrx_word' id='word_1_99' title='bbox 1391 700 1433 734; x_wconf 79' lang='lat'><strong>18</strong></span> 
     </span>
     <span class='ocr_line' id='line_1_12' title="bbox 75 743 1433 795; baseline 0.001 -13"><span class='ocrx_word' id='word_1_100' title='bbox 75 743 208 783; x_wconf 77' lang='lat' dir='ltr'><strong>riculis</strong></span> <span class='ocrx_word' id='word_1_101' title='bbox 245 745 359 784; x_wconf 88' lang='lat' dir='ltr'><strong>etiam</strong></span> <span class='ocrx_word' id='word_1_102' title='bbox 389 746 504 788; x_wconf 88' lang='lat' dir='ltr'><strong>meis,</strong></span> <span class='ocrx_word' id='word_1_103' title='bbox 537 745 717 795; x_wconf 89' lang='lat' dir='ltr'><strong>quoniam</strong></span> <span class='ocrx_word' id='word_1_104' title='bbox 738 756 808 794; x_wconf 90' lang='lat' dir='ltr'><strong>per</strong></span> <span class='ocrx_word' id='word_1_105' title='bbox 829 744 924 783; x_wconf 87' lang='lat' dir='ltr'><strong>haec</strong></span> <span class='ocrx_word' id='word_1_106' title='bbox 954 743 1061 784; x_wconf 92' lang='lat' dir='ltr'><strong>illum</strong></span> <span class='ocrx_word' id='word_1_107' title='bbox 1084 746 1180 795; x_wconf 89' lang='lat' dir='ltr'><strong>cepi.</strong></span> <span class='ocrx_word' id='word_1_108' title='bbox 1230 744 1373 784; x_wconf 86' lang='lat' dir='ltr'><strong>Verum</strong></span> <span class='ocrx_word' id='word_1_109' title='bbox 1392 757 1433 790; x_wconf 86' lang='lat'><strong>19</strong></span> 
     </span>
     <span class='ocr_line' id='line_1_13' title="bbox 73 798 1375 851; baseline 0.001 -13"><span class='ocrx_word' id='word_1_110' title='bbox 73 798 249 839; x_wconf 89' lang='lat' dir='ltr'><strong>homines</strong></span> <span class='ocrx_word' id='word_1_111' title='bbox 278 800 456 850; x_wconf 90' lang='lat' dir='ltr'><strong>conrupti</strong></span> <span class='ocrx_word' id='word_1_112' title='bbox 485 799 664 849; x_wconf 89' lang='lat' dir='ltr'><strong>superbia</strong></span> <span class='ocrx_word' id='word_1_113' title='bbox 686 800 735 838; x_wconf 88' lang='lat' dir='ltr'><strong>ita</strong></span> <span class='ocrx_word' id='word_1_114' title='bbox 761 805 922 839; x_wconf 87' lang='lat' dir='ltr'><strong>aetatem</strong></span> <span class='ocrx_word' id='word_1_115' title='bbox 947 804 1065 850; x_wconf 85' lang='lat' dir='ltr'><strong>agunt</strong></span> <span class='ocrx_word' id='word_1_116' title='bbox 1095 800 1202 851; x_wconf 89' lang='lat' dir='ltr'><strong>quasi</strong></span> <span class='ocrx_word' id='word_1_117' title='bbox 1223 805 1375 839; x_wconf 82' lang='lat' dir='ltr'><strong>vostros</strong></span> 
     </span>
     <span class='ocr_line' id='line_1_14' title="bbox 73 853 1375 906; baseline 0 -13"><span class='ocrx_word' id='word_1_118' title='bbox 73 853 243 894; x_wconf 85' lang='lat' dir='ltr'><strong>honores</strong></span> <span class='ocrx_word' id='word_1_119' title='bbox 273 859 531 899; x_wconf 87' lang='lat' dir='ltr'><strong>contemnant,</strong></span> <span class='ocrx_word' id='word_1_120' title='bbox 558 855 608 893; x_wconf 88' lang='lat' dir='ltr'><strong>ita</strong></span> <span class='ocrx_word' id='word_1_121' title='bbox 636 854 706 893; x_wconf 92' lang='lat' dir='ltr'><strong>hos</strong></span> <span class='ocrx_word' id='word_1_122' title='bbox 728 859 863 905; x_wconf 91' lang='lat' dir='ltr'><strong>petunt</strong></span> <span class='ocrx_word' id='word_1_123' title='bbox 887 855 994 906; x_wconf 86' lang='lat' dir='ltr'><strong>quasi</strong></span> <span class='ocrx_word' id='word_1_124' title='bbox 1013 854 1175 894; x_wconf 86' lang='lat' dir='ltr'><strong>honeste</strong></span> <span class='ocrx_word' id='word_1_125' title='bbox 1199 855 1375 894; x_wconf 78' lang='lat' dir='ltr'><strong>vixerint.</strong></span> 
     </span>
     <span class='ocr_line' id='line_1_15' title="bbox 74 908 1433 961; baseline -0.001 -12"><span class='ocrx_word' id='word_1_126' title='bbox 74 909 129 949; x_wconf 83' lang='lat' dir='ltr'><strong>Ne</strong></span> <span class='ocrx_word' id='word_1_127' title='bbox 158 909 211 948; x_wconf 91' lang='lat' dir='ltr'><strong>illi</strong></span> <span class='ocrx_word' id='word_1_128' title='bbox 235 908 318 949; x_wconf 82' lang='lat' dir='ltr'><strong>falsi</strong></span> <span class='ocrx_word' id='word_1_129' title='bbox 349 915 456 954; x_wconf 89' lang='lat' dir='ltr'><strong>sunt,</strong></span> <span class='ocrx_word' id='word_1_130' title='bbox 489 911 553 960; x_wconf 92' lang='lat' dir='ltr'><strong>qui</strong></span> <span class='ocrx_word' id='word_1_131' title='bbox 580 909 871 949; x_wconf 80' lang='lat' dir='ltr'><strong>divorsissumas</strong></span> <span class='ocrx_word' id='word_1_132' title='bbox 899 921 962 949; x_wconf 86' lang='lat' dir='ltr'><strong>res</strong></span> <span class='ocrx_word' id='word_1_133' title='bbox 992 910 1136 960; x_wconf 88' lang='lat' dir='ltr'><strong>pariter</strong></span> <span class='ocrx_word' id='word_1_134' title='bbox 1158 915 1371 961; x_wconf 83' lang='lat' dir='ltr'><strong>expectant,</strong></span> <span class='ocrx_word' id='word_1_135' title='bbox 1388 915 1433 948; x_wconf 87' lang='lat'><strong>20</strong></span> 
     </span>
    </p>

    <p class='ocr_par' dir='ltr' id='par_1_5' title="bbox 29 964 1432 1236">
     <span class='ocr_line' id='line_1_16' title="bbox 29 964 1431 1016; baseline 0.001 -13"><span class='ocrx_word' id='word_1_136' title='bbox 29 974 59 1002; x_wconf 77' lang='lat'><strong>15</strong></span> <span class='ocrx_word' id='word_1_137' title='bbox 74 966 246 1015; x_wconf 78' lang='lat' dir='ltr'><strong>ignaviae</strong></span> <span class='ocrx_word' id='word_1_138' title='bbox 271 964 505 1016; x_wconf 79' lang='lat' dir='ltr'><strong>voluptatem</strong></span> <span class='ocrx_word' id='word_1_139' title='bbox 537 970 574 1004; x_wconf 92' lang='lat' dir='ltr'><strong>et</strong></span> <span class='ocrx_word' id='word_1_140' title='bbox 594 966 765 1015; x_wconf 89' lang='lat' dir='ltr'><strong>praemia</strong></span> <span class='ocrx_word' id='word_1_141' title='bbox 787 966 946 1003; x_wconf 78' lang='lat' dir='ltr'><strong>virtutis.</strong></span> <span class='ocrx_word' id='word_1_142' title='bbox 992 966 1115 1016; x_wconf 82' lang='lat' dir='ltr'><strong>Atque</strong></span> <span class='ocrx_word' id='word_1_143' title='bbox 1137 965 1262 1010; x_wconf 88' lang='lat' dir='ltr'><strong>etiam,</strong></span> <span class='ocrx_word' id='word_1_144' title='bbox 1287 977 1375 1004; x_wconf 92' lang='lat' dir='ltr'><strong>cum</strong></span> <span class='ocrx_word' id='word_1_145' title='bbox 1389 967 1431 1000; x_wconf 81' lang='lat'><strong>21</strong></span> 
     </span>
     <span class='ocr_line' id='line_1_17' title="bbox 76 1018 1377 1071; baseline -0.001 -12"><span class='ocrx_word' id='word_1_146' title='bbox 76 1020 177 1070; x_wconf 89' lang='lat' dir='ltr'><strong>apud</strong></span> <span class='ocrx_word' id='word_1_147' title='bbox 207 1032 275 1059; x_wconf 88' lang='lat' dir='ltr'><strong>vos</strong></span> <span class='ocrx_word' id='word_1_148' title='bbox 305 1026 370 1059; x_wconf 89' lang='lat' dir='ltr'><strong>aut</strong></span> <span class='ocrx_word' id='word_1_149' title='bbox 402 1021 439 1058; x_wconf 90' lang='lat' dir='ltr'><strong>in</strong></span> <span class='ocrx_word' id='word_1_150' title='bbox 467 1025 602 1059; x_wconf 85' lang='lat' dir='ltr'><strong>senatu</strong></span> <span class='ocrx_word' id='word_1_151' title='bbox 635 1019 751 1059; x_wconf 80' lang='lat' dir='ltr'><strong>verba</strong></span> <span class='ocrx_word' id='word_1_152' title='bbox 782 1021 945 1064; x_wconf 83' lang='lat' dir='ltr'><strong>faciunt,</strong></span> <span class='ocrx_word' id='word_1_153' title='bbox 982 1018 1166 1071; x_wconf 86' lang='lat' dir='ltr'><strong>pleraque</strong></span> <span class='ocrx_word' id='word_1_154' title='bbox 1203 1021 1377 1059; x_wconf 88' lang='lat' dir='ltr'><strong>oratione</strong></span> 
     </span>
     <span class='ocr_line' id='line_1_18' title="bbox 72 1074 1375 1115; baseline -0.001 -1"><span class='ocrx_word' id='word_1_155' title='bbox 72 1076 239 1115; x_wconf 89' lang='lat' dir='ltr'><strong>maiores</strong></span> <span class='ocrx_word' id='word_1_156' title='bbox 262 1087 353 1114; x_wconf 92' lang='lat' dir='ltr'><strong>suos</strong></span> <span class='ocrx_word' id='word_1_157' title='bbox 373 1075 579 1114; x_wconf 85' lang='lat' dir='ltr'><strong>extollunt:</strong></span> <span class='ocrx_word' id='word_1_158' title='bbox 613 1087 747 1114; x_wconf 91' lang='lat' dir='ltr'><strong>eorum</strong></span> <span class='ocrx_word' id='word_1_159' title='bbox 766 1076 876 1114; x_wconf 86' lang='lat' dir='ltr'><strong>sortia</strong></span> <span class='ocrx_word' id='word_1_160' title='bbox 897 1075 995 1114; x_wconf 87' lang='lat' dir='ltr'><strong>facta</strong></span> <span class='ocrx_word' id='word_1_161' title='bbox 1016 1075 1269 1114; x_wconf 89' lang='lat' dir='ltr'><strong>memorando</strong></span> <span class='ocrx_word' id='word_1_162' title='bbox 1300 1074 1375 1114; x_wconf 85' lang='lat' dir='ltr'><strong>cla-</strong></span> 
     </span>
     <span class='ocr_line' id='line_1_19' title="bbox 73 1129 1432 1181; baseline -0.001 -12"><span class='ocrx_word' id='word_1_163' title='bbox 73 1131 196 1170; x_wconf 87' lang='lat' dir='ltr'><strong>riores</strong></span> <span class='ocrx_word' id='word_1_164' title='bbox 225 1142 310 1170; x_wconf 92' lang='lat' dir='ltr'><strong>sese</strong></span> <span class='ocrx_word' id='word_1_165' title='bbox 338 1135 486 1181; x_wconf 83' lang='lat' dir='ltr'><strong>putant.</strong></span> <span class='ocrx_word' id='word_1_166' title='bbox 543 1129 654 1175; x_wconf 86' lang='lat' dir='ltr'><strong>Quod</strong></span> <span class='ocrx_word' id='word_1_167' title='bbox 693 1136 826 1169; x_wconf 87' lang='lat' dir='ltr'><strong>contra</strong></span> <span class='ocrx_word' id='word_1_168' title='bbox 865 1136 932 1169; x_wconf 81' lang='lat' dir='ltr'><strong>est.</strong></span> <span class='ocrx_word' id='word_1_169' title='bbox 993 1130 1090 1169; x_wconf 85' lang='lat' dir='ltr'><strong>Nam</strong></span> <span class='ocrx_word' id='word_1_170' title='bbox 1122 1135 1265 1180; x_wconf 89' lang='lat' dir='ltr'><strong>quanto</strong></span> <span class='ocrx_word' id='word_1_171' title='bbox 1301 1131 1374 1168; x_wconf 80' lang='lat' dir='ltr'><strong>vita</strong></span> <span class='ocrx_word' id='word_1_172' title='bbox 1388 1134 1432 1166; x_wconf 89' lang='grc'><strong>22</strong></span> 
     </span>
     <span class='ocr_line' id='line_1_20' title="bbox 75 1185 1432 1236; baseline -0.001 -12"><span class='ocrx_word' id='word_1_173' title='bbox 75 1185 229 1225; x_wconf 87' lang='lat' dir='ltr'><strong>illorum</strong></span> <span class='ocrx_word' id='word_1_174' title='bbox 258 1185 507 1236; x_wconf 85' lang='lat' dir='ltr'><strong>praeclarior,</strong></span> <span class='ocrx_word' id='word_1_175' title='bbox 530 1190 636 1224; x_wconf 89' lang='lat' dir='ltr'><strong>tanto</strong></span> <span class='ocrx_word' id='word_1_176' title='bbox 666 1185 807 1224; x_wconf 87' lang='lat' dir='ltr'><strong>horum</strong></span> <span class='ocrx_word' id='word_1_177' title='bbox 837 1185 1013 1224; x_wconf 81' lang='lat' dir='ltr'><strong>socordia</strong></span> <span class='ocrx_word' id='word_1_178' title='bbox 1042 1185 1278 1234; x_wconf 75' lang='lat' dir='ltr'><strong>flagitiosior.</strong></span> <span class='ocrx_word' id='word_1_179' title='bbox 1328 1185 1375 1223; x_wconf 88' lang='lat' dir='ltr'><strong>Et</strong></span> <span class='ocrx_word' id='word_1_180' title='bbox 1387 1189 1432 1223; x_wconf 85' lang='grc'><strong>23</strong></span> 
     </span>
    </p>

    <p class='ocr_par' dir='ltr' id='par_1_6' title="bbox 26 1239 1433 1511">
     <span class='ocr_line' id='line_1_21' title="bbox 26 1239 1377 1291; baseline -0.001 -12"><span class='ocrx_word' id='word_1_181' title='bbox 26 1240 248 1291; x_wconf 73' lang='lat' dir='ltr'><strong>zoprosecto</strong></span> <span class='ocrx_word' id='word_1_182' title='bbox 278 1242 328 1280; x_wconf 88' lang='lat' dir='ltr'><strong>ita</strong></span> <span class='ocrx_word' id='word_1_183' title='bbox 356 1252 398 1280; x_wconf 90' lang='lat' dir='ltr'><strong>se</strong></span> <span class='ocrx_word' id='word_1_184' title='bbox 426 1252 491 1280; x_wconf 91' lang='lat' dir='ltr'><strong>res</strong></span> <span class='ocrx_word' id='word_1_185' title='bbox 520 1240 657 1279; x_wconf 88' lang='lat' dir='ltr'><strong>habet:</strong></span> <span class='ocrx_word' id='word_1_186' title='bbox 709 1242 900 1280; x_wconf 89' lang='lat' dir='ltr'><strong>maiorum</strong></span> <span class='ocrx_word' id='word_1_187' title='bbox 922 1239 1042 1291; x_wconf 83' lang='lat' dir='ltr'><strong>gloria</strong></span> <span class='ocrx_word' id='word_1_188' title='bbox 1072 1240 1238 1290; x_wconf 84' lang='lat' dir='ltr'><strong>posteris</strong></span> <span class='ocrx_word' id='word_1_189' title='bbox 1268 1241 1377 1291; x_wconf 89' lang='lat' dir='ltr'><strong>quasi</strong></span> 
     </span>
     <span class='ocr_line' id='line_1_22' title="bbox 72 1293 1375 1347; baseline -0.001 -13"><span class='ocrx_word' id='word_1_190' title='bbox 72 1295 203 1335; x_wconf 91' lang='lat' dir='ltr'><strong>lumen</strong></span> <span class='ocrx_word' id='word_1_191' title='bbox 229 1301 297 1341; x_wconf 88' lang='lat' dir='ltr'><strong>est,</strong></span> <span class='ocrx_word' id='word_1_192' title='bbox 329 1308 455 1347; x_wconf 90' lang='lat' dir='ltr'><strong>neque</strong></span> <span class='ocrx_word' id='word_1_193' title='bbox 484 1295 586 1335; x_wconf 92' lang='lat' dir='ltr'><strong>bona</strong></span> <span class='ocrx_word' id='word_1_194' title='bbox 615 1308 740 1346; x_wconf 90' lang='lat' dir='ltr'><strong>neque</strong></span> <span class='ocrx_word' id='word_1_195' title='bbox 763 1295 861 1335; x_wconf 88' lang='lat' dir='ltr'><strong>mala</strong></span> <span class='ocrx_word' id='word_1_196' title='bbox 882 1307 1017 1334; x_wconf 89' lang='lat' dir='ltr'><strong>eorum</strong></span> <span class='ocrx_word' id='word_1_197' title='bbox 1037 1296 1075 1334; x_wconf 91' lang='lat' dir='ltr'><strong>in</strong></span> <span class='ocrx_word' id='word_1_198' title='bbox 1098 1293 1251 1334; x_wconf 86' lang='lat' dir='ltr'><strong>occulto</strong></span> <span class='ocrx_word' id='word_1_199' title='bbox 1278 1296 1375 1345; x_wconf 88' lang='lat' dir='ltr'><strong>pati·</strong></span> 
     </span>
     <span class='ocr_line' id='line_1_23' title="bbox 73 1349 1433 1401; baseline -0.003 -12"><span class='ocrx_word' id='word_1_200' title='bbox 73 1356 147 1390; x_wconf 87' lang='lat' dir='ltr'><strong>tur.</strong></span> <span class='ocrx_word' id='word_1_201' title='bbox 163 1350 336 1390; x_wconf 88' lang='lat' dir='ltr'><strong>Huiusce</strong></span> <span class='ocrx_word' id='word_1_202' title='bbox 353 1351 411 1389; x_wconf 86' lang='lat' dir='ltr'><strong>rci</strong></span> <span class='ocrx_word' id='word_1_203' title='bbox 427 1361 499 1400; x_wconf 87' lang='lat' dir='ltr'><strong>ego</strong></span> <span class='ocrx_word' id='word_1_204' title='bbox 514 1351 684 1401; x_wconf 90' lang='lat' dir='ltr'><strong>inopiam</strong></span> <span class='ocrx_word' id='word_1_205' title='bbox 703 1351 1189 1395; x_wconf 77' lang='lat' dir='ltr'><strong>fateor,0uirites:verum‚</strong></span> <span class='ocrx_word' id='word_1_206' title='bbox 1211 1351 1249 1389; x_wconf 92' lang='lat' dir='ltr'><strong>id</strong></span> <span class='ocrx_word' id='word_1_207' title='bbox 1271 1349 1374 1400; x_wconf 86' lang='lat' dir='ltr'><strong>quod</strong></span> <span class='ocrx_word' id='word_1_208' title='bbox 1389 1353 1433 1385; x_wconf 75' lang='grc'><strong>24</strong></span> 
     </span>
     <span class='ocr_line' id='line_1_24' title="bbox 73 1404 1376 1456; baseline -0.001 -12"><span class='ocrx_word' id='word_1_209' title='bbox 73 1405 193 1445; x_wconf 89' lang='lat' dir='ltr'><strong>multo</strong></span> <span class='ocrx_word' id='word_1_210' title='bbox 213 1404 448 1456; x_wconf 88' lang='lat' dir='ltr'><strong>praeclarius</strong></span> <span class='ocrx_word' id='word_1_211' title='bbox 468 1410 543 1450; x_wconf 86' lang='lat' dir='ltr'><strong>est,</strong></span> <span class='ocrx_word' id='word_1_212' title='bbox 565 1411 730 1444; x_wconf 88' lang='lat' dir='ltr'><strong>meamet</strong></span> <span class='ocrx_word' id='word_1_213' title='bbox 751 1405 849 1444; x_wconf 87' lang='lat' dir='ltr'><strong>sacta</strong></span> <span class='ocrx_word' id='word_1_214' title='bbox 865 1405 957 1443; x_wconf 90' lang='lat' dir='ltr'><strong>mihi</strong></span> <span class='ocrx_word' id='word_1_215' title='bbox 980 1404 1108 1444; x_wconf 88' lang='lat' dir='ltr'><strong>dicere</strong></span> <span class='ocrx_word' id='word_1_216' title='bbox 1128 1404 1228 1444; x_wconf 89' lang='lat' dir='ltr'><strong>licet.</strong></span> <span class='ocrx_word' id='word_1_217' title='bbox 1264 1404 1376 1444; x_wconf 82' lang='lat' dir='ltr'><strong>Nunc</strong></span> 
     </span>
     <span class='ocr_line' id='line_1_25' title="bbox 73 1459 1432 1511; baseline -0.001 -13"><span class='ocrx_word' id='word_1_218' title='bbox 73 1460 195 1500; x_wconf 82' lang='lat' dir='ltr'><strong>videte</strong></span> <span class='ocrx_word' id='word_1_219' title='bbox 228 1472 343 1511; x_wconf 87' lang='lat' dir='ltr'><strong>quam</strong></span> <span class='ocrx_word' id='word_1_220' title='bbox 372 1461 492 1511; x_wconf 89' lang='lat' dir='ltr'><strong>iniqui</strong></span> <span class='ocrx_word' id='word_1_221' title='bbox 512 1461 597 1499; x_wconf 89' lang='lat' dir='ltr'><strong>sint.</strong></span> <span class='ocrx_word' id='word_1_222' title='bbox 655 1460 765 1506; x_wconf 87' lang='lat' dir='ltr'><strong>Quod</strong></span> <span class='ocrx_word' id='word_1_223' title='bbox 787 1472 833 1499; x_wconf 83' lang='lat' dir='ltr'><strong>ex</strong></span> <span class='ocrx_word' id='word_1_224' title='bbox 857 1459 978 1498; x_wconf 88' lang='lat' dir='ltr'><strong>aliena</strong></span> <span class='ocrx_word' id='word_1_225' title='bbox 1004 1461 1143 1498; x_wconf 76' lang='lat' dir='ltr'><strong>virtute</strong></span> <span class='ocrx_word' id='word_1_226' title='bbox 1167 1459 1240 1498; x_wconf 90' lang='lat' dir='ltr'><strong>sibi</strong></span> <span class='ocrx_word' id='word_1_227' title='bbox 1261 1459 1376 1498; x_wconf 90' lang='lat' dir='ltr'><strong>adro·</strong></span> <span class='ocrx_word' id='word_1_228' title='bbox 1389 1465 1432 1497; x_wconf 81' lang='grc'><strong>25</strong></span> 
     </span>
    </p>

    <p class='ocr_par' dir='ltr' id='par_1_7' title="bbox 27 1514 1432 2060">
     <span class='ocr_line' id='line_1_26' title="bbox 27 1514 1376 1566; baseline -0.003 -10"><span class='ocrx_word' id='word_1_229' title='bbox 27 1531 61 1556; x_wconf 80' lang='lat'><strong>2⁵</strong></span> <span class='ocrx_word' id='word_1_230' title='bbox 74 1520 184 1566; x_wconf 86' lang='lat' dir='ltr'><strong>gant,</strong></span> <span class='ocrx_word' id='word_1_231' title='bbox 208 1515 245 1554; x_wconf 94' lang='lat' dir='ltr'><strong>id</strong></span> <span class='ocrx_word' id='word_1_232' title='bbox 262 1515 355 1554; x_wconf 89' lang='lat' dir='ltr'><strong>mihi</strong></span> <span class='ocrx_word' id='word_1_233' title='bbox 376 1527 422 1554; x_wconf 87' lang='lat' dir='ltr'><strong>ex</strong></span> <span class='ocrx_word' id='word_1_234' title='bbox 443 1527 529 1554; x_wconf 90' lang='lat' dir='ltr'><strong>mea</strong></span> <span class='ocrx_word' id='word_1_235' title='bbox 549 1527 627 1554; x_wconf 92' lang='lat' dir='ltr'><strong>non</strong></span> <span class='ocrx_word' id='word_1_236' title='bbox 652 1515 886 1559; x_wconf 90' lang='lat' dir='ltr'><strong>concedunt,</strong></span> <span class='ocrx_word' id='word_1_237' title='bbox 911 1514 1056 1554; x_wconf 88' lang='lat' dir='ltr'><strong>scilicet</strong></span> <span class='ocrx_word' id='word_1_238' title='bbox 1077 1515 1164 1565; x_wconf 89' lang='lat' dir='ltr'><strong>quia</strong></span> <span class='ocrx_word' id='word_1_239' title='bbox 1190 1515 1376 1564; x_wconf 84' lang='lat' dir='ltr'><strong>imagines</strong></span> 
     </span>
     <span class='ocr_line' id='line_1_27' title="bbox 74 1569 1375 1621; baseline -0.001 -12"><span class='ocrx_word' id='word_1_240' title='bbox 74 1582 151 1609; x_wconf 89' lang='lat' dir='ltr'><strong>non</strong></span> <span class='ocrx_word' id='word_1_241' title='bbox 175 1569 313 1615; x_wconf 89' lang='lat' dir='ltr'><strong>habeo,</strong></span> <span class='ocrx_word' id='word_1_242' title='bbox 347 1575 385 1610; x_wconf 89' lang='lat' dir='ltr'><strong>et</strong></span> <span class='ocrx_word' id='word_1_243' title='bbox 404 1571 491 1621; x_wconf 93' lang='lat' dir='ltr'><strong>quia</strong></span> <span class='ocrx_word' id='word_1_244' title='bbox 512 1571 604 1609; x_wconf 88' lang='lat' dir='ltr'><strong>mihi</strong></span> <span class='ocrx_word' id='word_1_245' title='bbox 623 1582 720 1609; x_wconf 77' lang='lat' dir='ltr'><strong>nova</strong></span> <span class='ocrx_word' id='word_1_246' title='bbox 742 1570 919 1609; x_wconf 84' lang='lat' dir='ltr'><strong>nobilitas</strong></span> <span class='ocrx_word' id='word_1_247' title='bbox 942 1576 1016 1614; x_wconf 80' lang='lat' dir='ltr'><strong>est,</strong></span> <span class='ocrx_word' id='word_1_248' title='bbox 1041 1581 1157 1620; x_wconf 89' lang='lat' dir='ltr'><strong>quam</strong></span> <span class='ocrx_word' id='word_1_249' title='bbox 1178 1574 1284 1609; x_wconf 90' lang='lat' dir='ltr'><strong>certe</strong></span> <span class='ocrx_word' id='word_1_250' title='bbox 1307 1581 1375 1620; x_wconf 89' lang='lat' dir='ltr'><strong>pe·</strong></span> 
     </span>
     <span class='ocr_line' id='line_1_28' title="bbox 72 1625 1098 1677; baseline -0.003 -12"><span class='ocrx_word' id='word_1_251' title='bbox 72 1627 220 1677; x_wconf 85' lang='lat' dir='ltr'><strong>perisse</strong></span> <span class='ocrx_word' id='word_1_252' title='bbox 244 1625 381 1665; x_wconf 87' lang='lat' dir='ltr'><strong>melius</strong></span> <span class='ocrx_word' id='word_1_253' title='bbox 411 1630 468 1664; x_wconf 85' lang='lat' dir='ltr'><strong>est</strong></span> <span class='ocrx_word' id='word_1_254' title='bbox 497 1638 610 1677; x_wconf 89' lang='lat' dir='ltr'><strong>quam</strong></span> <span class='ocrx_word' id='word_1_255' title='bbox 634 1631 830 1676; x_wconf 89' lang='lat' dir='ltr'><strong>acceptam</strong></span> <span class='ocrx_word' id='word_1_256' title='bbox 862 1626 1098 1675; x_wconf 89' lang='lat' dir='ltr'><strong>conrupisse.</strong></span> 
     </span>
     <span class='ocr_line' id='line_1_29' title="bbox 183 1679 1432 1732; baseline -0.003 -12"><span class='ocrx_word' id='word_1_257' title='bbox 183 1681 372 1732; x_wconf 89' lang='lat' dir='ltr'><strong>Equidem</strong></span> <span class='ocrx_word' id='word_1_258' title='bbox 388 1691 460 1730; x_wconf 87' lang='lat' dir='ltr'><strong>ego</strong></span> <span class='ocrx_word' id='word_1_259' title='bbox 476 1692 555 1719; x_wconf 91' lang='lat' dir='ltr'><strong>non</strong></span> <span class='ocrx_word' id='word_1_260' title='bbox 571 1682 720 1730; x_wconf 87' lang='lat' dir='ltr'><strong>ignoro,</strong></span> <span class='ocrx_word' id='word_1_261' title='bbox 737 1682 769 1720; x_wconf 91' lang='lat' dir='ltr'><strong>si</strong></span> <span class='ocrx_word' id='word_1_262' title='bbox 785 1682 859 1720; x_wconf 80' lang='lat' dir='ltr'><strong>iam</strong></span> <span class='ocrx_word' id='word_1_263' title='bbox 876 1680 968 1719; x_wconf 90' lang='lat' dir='ltr'><strong>mihi</strong></span> <span class='ocrx_word' id='word_1_264' title='bbox 986 1679 1224 1729; x_wconf 88' lang='lat' dir='ltr'><strong>respondere</strong></span> <span class='ocrx_word' id='word_1_265' title='bbox 1245 1679 1372 1724; x_wconf 74' lang='lat' dir='ltr'><strong>velint,</strong></span> <span class='ocrx_word' id='word_1_266' title='bbox 1388 1682 1432 1715; x_wconf 88' lang='grc'><strong>26</strong></span> 
     </span>
     <span class='ocr_line' id='line_1_30' title="bbox 73 1733 1376 1786; baseline -0.002 -10"><span class='ocrx_word' id='word_1_267' title='bbox 73 1736 227 1776; x_wconf 84' lang='lat' dir='ltr'><strong>abunde</strong></span> <span class='ocrx_word' id='word_1_268' title='bbox 255 1736 327 1775; x_wconf 89' lang='lat' dir='ltr'><strong>illis</strong></span> <span class='ocrx_word' id='word_1_269' title='bbox 351 1736 570 1775; x_wconf 80' lang='lat' dir='ltr'><strong>facundiam</strong></span> <span class='ocrx_word' id='word_1_270' title='bbox 602 1742 639 1775; x_wconf 89' lang='lat' dir='ltr'><strong>et</strong></span> <span class='ocrx_word' id='word_1_271' title='bbox 659 1737 898 1786; x_wconf 87' lang='lat' dir='ltr'><strong>conpositam</strong></span> <span class='ocrx_word' id='word_1_272' title='bbox 920 1735 1132 1774; x_wconf 89' lang='lat' dir='ltr'><strong>orationem</strong></span> <span class='ocrx_word' id='word_1_273' title='bbox 1164 1733 1260 1773; x_wconf 81' lang='lat' dir='ltr'><strong>sore.</strong></span> <span class='ocrx_word' id='word_1_274' title='bbox 1311 1734 1376 1773; x_wconf 90' lang='lat' dir='ltr'><strong>Set</strong></span> 
     </span>
     <span class='ocr_line' id='line_1_31' title="bbox 27 1789 1375 1834; baseline -0.006 0"><span class='ocrx_word' id='word_1_275' title='bbox 27 1792 113 1834; x_wconf 70' lang='lat' dir='ltr'><strong>aoin</strong></span> <span class='ocrx_word' id='word_1_276' title='bbox 132 1797 262 1831; x_wconf 86' lang='lat' dir='ltr'><strong>vostro</strong></span> <span class='ocrx_word' id='word_1_277' title='bbox 290 1803 473 1831; x_wconf 82' lang='lat' dir='ltr'><strong>maxumo</strong></span> <span class='ocrx_word' id='word_1_278' title='bbox 494 1790 672 1831; x_wconf 88' lang='lat' dir='ltr'><strong>benificio</strong></span> <span class='ocrx_word' id='word_1_279' title='bbox 712 1803 799 1830; x_wconf 90' lang='lat' dir='ltr'><strong>cum</strong></span> <span class='ocrx_word' id='word_1_280' title='bbox 839 1791 1020 1829; x_wconf 89' lang='lat' dir='ltr'><strong>omnibus</strong></span> <span class='ocrx_word' id='word_1_281' title='bbox 1056 1789 1153 1828; x_wconf 91' lang='lat' dir='ltr'><strong>locis</strong></span> <span class='ocrx_word' id='word_1_282' title='bbox 1183 1800 1246 1827; x_wconf 90' lang='lat' dir='ltr'><strong>me</strong></span> <span class='ocrx_word' id='word_1_283' title='bbox 1289 1800 1375 1827; x_wconf 80' lang='lat' dir='ltr'><strong>vos-</strong></span> 
     </span>
     <span class='ocr_line' id='line_1_32' title="bbox 74 1843 1374 1898; baseline -0.003 -13"><span class='ocrx_word' id='word_1_284' title='bbox 74 1859 148 1898; x_wconf 88' lang='lat' dir='ltr'><strong>que</strong></span> <span class='ocrx_word' id='word_1_285' title='bbox 173 1845 272 1885; x_wconf 88' lang='lat' dir='ltr'><strong>male</strong></span> <span class='ocrx_word' id='word_1_286' title='bbox 298 1846 407 1885; x_wconf 86' lang='lat' dir='ltr'><strong>dictis</strong></span> <span class='ocrx_word' id='word_1_287' title='bbox 426 1845 608 1890; x_wconf 88' lang='lat' dir='ltr'><strong>lacerent,</strong></span> <span class='ocrx_word' id='word_1_288' title='bbox 630 1858 707 1884; x_wconf 92' lang='lat' dir='ltr'><strong>non</strong></span> <span class='ocrx_word' id='word_1_289' title='bbox 733 1845 875 1896; x_wconf 87' lang='lat' dir='ltr'><strong>placuit</strong></span> <span class='ocrx_word' id='word_1_290' title='bbox 899 1845 1074 1887; x_wconf 87' lang='lat' dir='ltr'><strong>reticere,</strong></span> <span class='ocrx_word' id='word_1_291' title='bbox 1106 1855 1156 1882; x_wconf 91' lang='lat' dir='ltr'><strong>ne</strong></span> <span class='ocrx_word' id='word_1_292' title='bbox 1184 1843 1270 1893; x_wconf 85' lang='lat' dir='ltr'><strong>quis</strong></span> <span class='ocrx_word' id='word_1_293' title='bbox 1291 1855 1374 1882; x_wconf 90' lang='lat' dir='ltr'><strong>mo-</strong></span> 
     </span>
     <span class='ocr_line' id='line_1_33' title="bbox 75 1899 1430 1949; baseline -0.004 -8"><span class='ocrx_word' id='word_1_294' title='bbox 75 1902 234 1941; x_wconf 87' lang='lat' dir='ltr'><strong>destiam</strong></span> <span class='ocrx_word' id='word_1_295' title='bbox 254 1901 293 1939; x_wconf 86' lang='lat' dir='ltr'><strong>in</strong></span> <span class='ocrx_word' id='word_1_296' title='bbox 314 1902 585 1940; x_wconf 88' lang='lat' dir='ltr'><strong>conscientiam</strong></span> <span class='ocrx_word' id='word_1_297' title='bbox 607 1901 777 1940; x_wconf 89' lang='lat' dir='ltr'><strong>duceret.</strong></span> <span class='ocrx_word' id='word_1_298' title='bbox 817 1900 913 1939; x_wconf 84' lang='lat' dir='ltr'><strong>Nam</strong></span> <span class='ocrx_word' id='word_1_299' title='bbox 934 1911 995 1938; x_wconf 92' lang='lat' dir='ltr'><strong>me</strong></span> <span class='ocrx_word' id='word_1_300' title='bbox 1019 1899 1173 1949; x_wconf 88' lang='lat' dir='ltr'><strong>quidem</strong></span> <span class='ocrx_word' id='word_1_301' title='bbox 1196 1910 1241 1937; x_wconf 87' lang='lat' dir='ltr'><strong>ex</strong></span> <span class='ocrx_word' id='word_1_302' title='bbox 1258 1899 1373 1936; x_wconf 90' lang='lat' dir='ltr'><strong>animi</strong></span> <span class='ocrx_word' id='word_1_303' title='bbox 1387 1907 1430 1937; x_wconf 80' lang='lat'><strong>27</strong></span> 
     </span>
     <span class='ocr_line' id='line_1_34' title="bbox 72 1952 1376 2005; baseline -0.002 -11"><span class='ocrx_word' id='word_1_304' title='bbox 72 1956 149 1994; x_wconf 90' lang='lat' dir='ltr'><strong>mei</strong></span> <span class='ocrx_word' id='word_1_305' title='bbox 167 1955 359 1993; x_wconf 76' lang='lat' dir='ltr'><strong>sententIa</strong></span> <span class='ocrx_word' id='word_1_306' title='bbox 374 1952 476 1992; x_wconf 89' lang='lat' dir='ltr'><strong>nulla</strong></span> <span class='ocrx_word' id='word_1_307' title='bbox 493 1955 616 1993; x_wconf 88' lang='lat' dir='ltr'><strong>oratio</strong></span> <span class='ocrx_word' id='word_1_308' title='bbox 632 1953 787 1992; x_wconf 88' lang='lat' dir='ltr'><strong>laedere</strong></span> <span class='ocrx_word' id='word_1_309' title='bbox 798 1959 944 2004; x_wconf 87' lang='lat' dir='ltr'><strong>potest:</strong></span> <span class='ocrx_word' id='word_1_310' title='bbox 964 1955 1108 2005; x_wconf 89' lang='lat' dir='ltr'><strong>quippe</strong></span> <span class='ocrx_word' id='word_1_311' title='bbox 1120 1965 1208 1992; x_wconf 85' lang='lat' dir='ltr'><strong>vera</strong></span> <span class='ocrx_word' id='word_1_312' title='bbox 1217 1964 1376 1992; x_wconf 88' lang='lat' dir='ltr'><strong>necesse</strong></span> 
     </span>
     <span class='ocr_line' id='line_1_35' title="bbox 73 2008 1431 2060; baseline 0.001 -11"><span class='ocrx_word' id='word_1_313' title='bbox 73 2016 133 2050; x_wconf 87' lang='lat' dir='ltr'><strong>est</strong></span> <span class='ocrx_word' id='word_1_314' title='bbox 151 2010 252 2050; x_wconf 90' lang='lat' dir='ltr'><strong>bene</strong></span> <span class='ocrx_word' id='word_1_315' title='bbox 277 2009 511 2060; x_wconf 89' lang='lat' dir='ltr'><strong>praedicent,</strong></span> <span class='ocrx_word' id='word_1_316' title='bbox 544 2009 635 2048; x_wconf 89' lang='lat' dir='ltr'><strong>salsa</strong></span> <span class='ocrx_word' id='word_1_317' title='bbox 659 2011 731 2049; x_wconf 85' lang='lat' dir='ltr'><strong>vita</strong></span> <span class='ocrx_word' id='word_1_318' title='bbox 752 2021 959 2060; x_wconf 86' lang='lat' dir='ltr'><strong>moresque</strong></span> <span class='ocrx_word' id='word_1_319' title='bbox 981 2010 1056 2047; x_wconf 91' lang='lat' dir='ltr'><strong>mei</strong></span> <span class='ocrx_word' id='word_1_320' title='bbox 1076 2013 1272 2058; x_wconf 89' lang='lat' dir='ltr'><strong>superant.</strong></span> <span class='ocrx_word' id='word_1_321' title='bbox 1308 2008 1374 2047; x_wconf 85' lang='lat' dir='ltr'><strong>Set</strong></span> <span class='ocrx_word' id='word_1_322' title='bbox 1389 2018 1431 2050; x_wconf 82' lang='grc'><strong>28</strong></span> 
     </span>
    </p>

    <p class='ocr_par' dir='ltr' id='par_1_8' title="bbox 28 2063 1431 2281">
     <span class='ocr_line' id='line_1_36' title="bbox 28 2063 1373 2116; baseline -0.004 -9"><span class='ocrx_word' id='word_1_323' title='bbox 28 2080 61 2107; x_wconf 72' lang='lat'><strong>85</strong></span> <span class='ocrx_word' id='word_1_324' title='bbox 75 2066 256 2116; x_wconf 84' lang='lat' dir='ltr'><strong>quoniam</strong></span> <span class='ocrx_word' id='word_1_325' title='bbox 293 2070 422 2104; x_wconf 75' lang='lat' dir='ltr'><strong>vostra</strong></span> <span class='ocrx_word' id='word_1_326' title='bbox 458 2065 614 2104; x_wconf 84' lang='lat' dir='ltr'><strong>consilia</strong></span> <span class='ocrx_word' id='word_1_327' title='bbox 655 2071 906 2108; x_wconf 89' lang='lat' dir='ltr'><strong>accusantur,</strong></span> <span class='ocrx_word' id='word_1_328' title='bbox 943 2065 1008 2115; x_wconf 88' lang='lat' dir='ltr'><strong>qui</strong></span> <span class='ocrx_word' id='word_1_329' title='bbox 1048 2063 1142 2102; x_wconf 89' lang='lat' dir='ltr'><strong>mihi</strong></span> <span class='ocrx_word' id='word_1_330' title='bbox 1178 2075 1373 2103; x_wconf 89' lang='lat' dir='ltr'><strong>summum</strong></span> 
     </span>
     <span class='ocr_line' id='line_1_37' title="bbox 73 2119 1374 2169; baseline -0.003 -10"><span class='ocrx_word' id='word_1_331' title='bbox 73 2119 263 2160; x_wconf 89' lang='lat' dir='ltr'><strong>honorem</strong></span> <span class='ocrx_word' id='word_1_332' title='bbox 299 2125 336 2159; x_wconf 91' lang='lat' dir='ltr'><strong>et</strong></span> <span class='ocrx_word' id='word_1_333' title='bbox 361 2131 585 2159; x_wconf 85' lang='lat' dir='ltr'><strong>maxumum</strong></span> <span class='ocrx_word' id='word_1_334' title='bbox 613 2121 810 2169; x_wconf 83' lang='lat' dir='ltr'><strong>negotium</strong></span> <span class='ocrx_word' id='word_1_335' title='bbox 840 2119 1080 2169; x_wconf 88' lang='lat' dir='ltr'><strong>inposuistis,</strong></span> <span class='ocrx_word' id='word_1_336' title='bbox 1118 2119 1230 2158; x_wconf 88' lang='lat' dir='ltr'><strong>etiam</strong></span> <span class='ocrx_word' id='word_1_337' title='bbox 1260 2122 1374 2168; x_wconf 88' lang='lat' dir='ltr'><strong>atque</strong></span> 
     </span>
     <span class='ocr_line' id='line_1_38' title="bbox 75 2173 1431 2226; baseline -0.002 -12"><span class='ocrx_word' id='word_1_338' title='bbox 75 2176 189 2214; x_wconf 84' lang='lat' dir='ltr'><strong>etiam</strong></span> <span class='ocrx_word' id='word_1_339' title='bbox 217 2180 408 2226; x_wconf 88' lang='lat' dir='ltr'><strong>reputate,</strong></span> <span class='ocrx_word' id='word_1_340' title='bbox 434 2187 525 2214; x_wconf 90' lang='lat' dir='ltr'><strong>num</strong></span> <span class='ocrx_word' id='word_1_341' title='bbox 548 2187 683 2214; x_wconf 86' lang='lat' dir='ltr'><strong>eorum</strong></span> <span class='ocrx_word' id='word_1_342' title='bbox 703 2175 977 2225; x_wconf 88' lang='lat' dir='ltr'><strong>paenitendum</strong></span> <span class='ocrx_word' id='word_1_343' title='bbox 998 2174 1056 2212; x_wconf 91' lang='lat' dir='ltr'><strong>sit.</strong></span> <span class='ocrx_word' id='word_1_344' title='bbox 1107 2173 1191 2212; x_wconf 89' lang='lat' dir='ltr'><strong>Non</strong></span> <span class='ocrx_word' id='word_1_345' title='bbox 1215 2184 1372 2223; x_wconf 91' lang='lat' dir='ltr'><strong>possum</strong></span> <span class='ocrx_word' id='word_1_346' title='bbox 1387 2179 1431 2212; x_wconf 84' lang='lat'><strong>29</strong></span> 
     </span>
     <span class='ocr_line' id='line_1_39' title="bbox 74 2227 1372 2281; baseline -0.002 -13"><span class='ocrx_word' id='word_1_347' title='bbox 74 2229 163 2269; x_wconf 86' lang='lat' dir='ltr'><strong>fidei</strong></span> <span class='ocrx_word' id='word_1_348' title='bbox 201 2241 314 2270; x_wconf 87' lang='lat' dir='ltr'><strong>causa</strong></span> <span class='ocrx_word' id='word_1_349' title='bbox 355 2231 540 2279; x_wconf 84' lang='lat' dir='ltr'><strong>imagines</strong></span> <span class='ocrx_word' id='word_1_350' title='bbox 567 2242 692 2281; x_wconf 86' lang='lat' dir='ltr'><strong>neque</strong></span> <span class='ocrx_word' id='word_1_351' title='bbox 717 2229 933 2280; x_wconf 89' lang='lat' dir='ltr'><strong>triumphos</strong></span> <span class='ocrx_word' id='word_1_352' title='bbox 955 2234 1019 2267; x_wconf 87' lang='lat' dir='ltr'><strong>ant</strong></span> <span class='ocrx_word' id='word_1_353' title='bbox 1045 2227 1267 2267; x_wconf 87' lang='lat' dir='ltr'><strong>consulatus</strong></span> <span class='ocrx_word' id='word_1_354' title='bbox 1292 2239 1372 2266; x_wconf 85' lang='lat' dir='ltr'><strong>ma-</strong></span> 
     </span>
    </p>
   </div>
  </div>
 </body>
</html>
