1537 2512
101 93 154 132 22
263 107 317 132 DE
349 106 576 133 CATILINAE
607 107 923 134 comvnA'noim
954 107 988 133 e.
1019 102 1073 134 44.
1105 102 1158 135 45.
1191 102 1244 137 46.

106 203 217 243 aliter
247 203 339 242 haut
369 203 478 242 facile
515 216 581 243 eos
622 204 668 242 ad
709 208 855 242 tantum
884 205 1081 253 negotium
1110 203 1238 255 inpelli
1273 215 1400 255 posse.

68 265 89 297 2
109 259 237 298 Ceteri
259 258 354 296 nihil
375 259 612 308 suspicantes
635 259 737 302 dant,
759 257 908 297 Cassius
929 264 1050 298 semet
1071 272 1115 299 eo
1138 259 1246 298 brevi
1267 265 1401 298 ventu-

107 326 195 352 rum
225 312 428 363 pollicetur
455 326 498 352 ac
523 313 639 364 paulo
663 318 750 351 ante
768 312 914 363 legatos
938 327 984 352 ex
1005 314 1104 353 urbe
1131 314 1399 364 proficiscitur.

66 376 86 408 3
111 368 296 407 Lentulus
329 380 416 407 eum
455 370 508 407 eis
534 369 578 407 T.
610 368 846 407 Volturcium
877 369 1069 420 quendam
1112 369 1400 408 Crotoniensem

104 424 229 468 mittit,
251 427 294 462 ut
314 423 540 474 Allobroges
560 425 667 474 prius
685 436 798 474 quam
819 424 974 462 domum
995 430 1203 475 pergerent
1223 435 1312 462 cum
1332 423 1399 462 Ca-
1416 440 1429 458 υ

66 485 87 515 4
106 478 211 517 tilina
240 479 326 517 data
349 483 463 529 atque
484 484 639 529 accepta
660 479 734 517 fide
754 479 972 518 societatem
996 480 1280 518 confirmarent.
1315 478 1400 528 Ipse

107 533 302 572 Volturcio
324 533 471 572 litteras
490 534 538 573 ad
558 533 754 573 Catilinam
776 534 850 578 dat,
874 546 1036 585 quarum
1061 533 1279 584 exemplum
1302 533 1401 572 infra

107 589 296 639 scriptum
325 593 401 628 est:
434 589 538 635 ‘Quis
561 590 644 634 sim,
675 601 722 628 ex
745 601 790 628 eo
813 601 925 639 quem
948 589 994 628 ad
1014 595 1052 628 te
1072 590 1156 628 misi
1178 599 1399 638 cognosces.

69 651 89 683 5
105 644 185 682 Fac
215 644 381 694 cogites,
408 645 447 682 in
473 649 612 694 quanta
638 643 849 682 calamitate
876 646 946 688 sis,
978 650 1014 683 et
1040 645 1260 683 memineris
1290 648 1325 682 te
1348 644 1402 682 vi-

105 711 193 738 rum
217 711 320 738 esse:
347 699 567 738 consideres
584 700 674 750 quid
695 704 781 738 tuae
797 701 964 738 rationes
985 699 1196 750 postulent:
1219 698 1443 738 auxiliumio

69 762 91 795 6
104 758 213 804 petas
233 754 280 793 ab
302 754 493 798 omnibus,
517 756 630 794 etiam
651 754 698 793 ab
715 754 877 793 infimis’.
907 755 963 793 Ad
985 755 1060 794 hoc
1075 754 1253 793 mandata
1273 753 1400 792 verbis

105 809 190 849 dat:
228 822 315 849 cum
336 809 383 848 ab
404 814 539 849 senatu
554 810 673 848 hostis
685 810 873 849 iudicatus
891 811 949 854 sit,
972 822 1048 860 quo
1070 809 1226 849 consilio
1248 809 1400 848 servitia
1462 838 1464 841 s

104 865 306 915 repudiet?
334 866 372 904 in
399 865 497 904 urhe
526 870 658 915 parata
680 877 763 904 esse
792 877 888 916 quae
914 866 1086 904 iusserit:
1123 877 1172 904 ne
1198 869 1399 903 cunctetur

37 917 90 957 45
106 920 187 970 ipse
203 921 364 971 propius
385 921 597 960 adcedere.
641 921 706 959 His
726 920 843 959 rebus
865 922 914 959 ita
935 922 1039 965 actis,
1062 921 1265 959 constituta
1286 925 1400 958 nocte

105 987 180 1026 qua
205 976 555 1026 proficiscerentur,
588 975 721 1015 Cicero
746 987 817 1026 per
840 976 984 1025 legatos
1011 980 1147 1014 cuncta
1177 975 1336 1015 edoctus
1357 973 1399 1013 L.
1414 981 1446 1006 15

103 1029 254 1070 Valerio
283 1030 421 1070 Flacco
451 1036 488 1070 et
513 1032 557 1070 G.
587 1031 791 1081 Pomptino
819 1031 1061 1081 praetoribus
1085 1032 1266 1082 imperat,
1292 1034 1336 1069 ut
1363 1030 1402 1068 in

103 1090 220 1136 ponte
241 1085 381 1125 Mulvio
401 1098 472 1137 per
493 1087 647 1126 insidias
685 1086 937 1136 Allobrogum
967 1087 1166 1125 comitatus
1187 1085 1401 1136 deprehen-

105 1142 216 1180 dant:
240 1153 324 1181 rem
348 1154 501 1181 omnem
523 1144 657 1192 aperit,
681 1143 789 1181 cuius
815 1143 936 1191 gratia
959 1141 1228 1180 mittebantur:
1260 1146 1415 1184 cetera,v

68 1204 89 1235 2
105 1197 159 1236 uti
181 1196 281 1236 facto
309 1209 405 1247 opus
425 1199 483 1241 sit,
516 1199 566 1236 ita
595 1202 708 1247 agant
728 1198 923 1247 permittit.
974 1196 1041 1241 Illi,
1071 1197 1246 1236 homines
1265 1195 1400 1235 milita-

105 1263 181 1296 res,
203 1253 284 1291 sine
300 1252 465 1292 tumultu
480 1253 681 1303 praesidiis
701 1252 906 1291 conlocatis
926 1253 1035 1291 sicuti
1052 1256 1301 1302 praeceptum
1322 1257 1447 1290 eratzo

72 1306 255 1346 3occulte
284 1312 442 1357 pontem
464 1307 656 1347 obsidunt.
702 1308 909 1358 Postquam
931 1307 977 1346 ad
1005 1307 1040 1345 id
1065 1306 1139 1345 loci
1171 1306 1286 1358 legati
1315 1319 1402 1345 cum

107 1361 300 1401 Volturcio
321 1375 483 1408 venere,
514 1361 629 1402 simul
652 1363 847 1414 utrimque
868 1362 1015 1401 clamor
1041 1368 1198 1401 exortus
1216 1367 1284 1402 est.
1306 1361 1404 1401 Galli

70 1425 91 1456 4
108 1419 182 1457 cito
204 1419 357 1467 cognito
379 1418 535 1457 consilio
558 1419 639 1456 siue
661 1429 768 1456 mora
788 1417 1032 1467 praetoribus
1052 1429 1092 1456 se
1117 1417 1284 1457 tradunt.
1316 1416 1402 1456 Vol-

105 1473 253 1512 turcius
271 1474 396 1524 primo
419 1474 641 1513 cohortatus
662 1478 810 1512 eeteros
832 1471 957 1522 gladio
978 1484 1018 1511 se
1036 1485 1056 1511 a
1073 1472 1314 1512 multitudine
1335 1472 1401 1512 de-

106 1528 240 1573 fendit,
273 1529 409 1567 deinde
431 1528 496 1567 ubi
517 1540 538 1566 a
559 1528 692 1579 legatis
715 1529 888 1567 desertus
909 1533 977 1570 est.
1001 1527 1117 1567 multa
1147 1528 1254 1578 prius
1275 1528 1321 1567 de
1341 1539 1400 1566 sa·
1414 1536 1446 1561 ²⁵

105 1583 184 1623 lute
203 1595 271 1622 sua
288 1583 533 1633 Pomptinum
554 1583 776 1627 obtestatus,
795 1583 896 1633 quod
913 1584 946 1621 ei
962 1588 1074 1622 notus
1090 1588 1183 1627 erat,
1206 1588 1401 1633 postremo

105 1638 261 1677 timidus
292 1650 336 1678 ac
366 1640 462 1678 vitae
492 1639 668 1677 diffidens
699 1638 801 1677 velut
840 1637 1014 1676 hostibus
1042 1649 1128 1677 sese
1157 1638 1401 1688 praetoribus

107 1694 220 1732 dedit.

39 1748 91 1789 46
218 1749 364 1795 Quibus
384 1749 501 1789 rebus
521 1749 704 1788 consectis
725 1750 850 1787 omnia
867 1760 1033 1799 propere
1050 1760 1119 1799 per
1135 1750 1289 1788 nuntios
1308 1760 1399 1787 con·

71 1815 90 1846 2
106 1805 177 1844 suli
198 1805 452 1844 declarantur.
505 1806 552 1843 At
580 1804 686 1843 illum
716 1805 850 1853 ingens
875 1815 967 1842 cura
989 1809 1103 1854 atque
1128 1803 1268 1843 laetitia
1288 1802 1401 1842 simul
1413 1813 1447 1840 80

106 1871 362 1910 occupavere:
396 1872 483 1899 nam
513 1859 725 1898 laetabatur
754 1858 978 1908 intellegens
1008 1860 1269 1899 coniuratione
1294 1865 1399 1909 pate-

105 1915 202 1954 facta
225 1917 411 1954 civitatem
433 1915 612 1966 periculis
633 1920 803 1964 ereptam
835 1926 938 1957 esse,
969 1926 1087 1964 porro
1117 1919 1244 1954 autem
1265 1915 1400 1953 anxius

107 1975 189 2009 erat
218 1970 394 2010 dubitans
415 1972 451 2009 in
474 1982 653 2009 maxumo
674 1969 818 2009 scelere
843 1971 956 2008 tantis
981 1970 1125 2009 civibus
1150 1969 1400 2020 deprehensis

107 2026 196 2077 quid
227 2025 325 2064 facto
348 2038 443 2076 opus
475 2031 594 2065 esset:
628 2037 789 2075 poenam
816 2024 965 2064 illorum
999 2025 1069 2063 sibi
1098 2026 1218 2066 oneri.
1248 2025 1399 2074 inpuni-

71 2084 221 2121 3tate1n
250 2081 472 2131 perdundae
494 2083 549 2119 rei
571 2080 747 2131 publicae
774 2082 854 2119 sore
887 2080 1080 2119 credebat.
1111 2080 1229 2130 Igitur
1259 2079 1446 2118 confir-³⁵

107 2143 208 2176 mato
230 2137 356 2175 animo
381 2137 508 2176 vocari
529 2137 574 2175 ad
595 2148 678 2175 sese
703 2135 802 2174 iubet
829 2135 1030 2174 Lentulum
1067 2135 1277 2184 Cethegum
1314 2134 1398 2173 Sta-

106 2193 226 2231 tilium
240 2191 458 2236 Gabinium,
475 2189 872 2242 itemque[quendam]
887 2190 1117 2241 Caeparium
1146 2190 1399 2229 Tarracinen-

107 2259 202 2292 sem,
225 2249 287 2298 qui
305 2247 339 2285 in
358 2247 529 2297 Apuliam
548 2248 592 2285 ad
612 2246 833 2284 concitanda
852 2247 1000 2284 servitia
1018 2246 1205 2294 proticisci
1227 2244 1398 2293 parabat.
