1537 2512
435 98 490 123 ΕΣ
518 97 735 124 msronns
766 95 1026 123 EXCERPTAE.
1300 82 1378 122 117

87 193 310 238 interesset,
338 194 466 234 multis
489 194 582 232 mihi
604 193 873 233 disserundum
904 193 994 237 suit,
1026 192 1264 244 docendique
1284 204 1378 244 quas

89 248 138 288 ob
168 248 325 287 iniurias
344 254 379 288 et
406 250 580 300 quotiens
598 261 619 287 a
641 247 814 298 patribus
833 252 977 286 armata
1004 247 1136 298 plebes
1160 248 1378 287 secessisset

90 304 220 354 utique
250 304 417 343 vindices
444 304 652 354 paravisset
672 303 794 340 omnis
826 304 917 341 iuris
948 304 1006 341 sui
1031 302 1205 341 tribunos
1231 302 1376 352 plebei:

90 369 193 397 nunc
228 358 375 397 hortari
410 359 524 398 modo
560 358 720 396 relicum
758 362 814 395 est
850 363 885 396 et
922 359 976 396 ire
1008 359 1174 408 primum
1201 359 1271 403 via,
1304 369 1378 409 qua
1394 365 1421 397 ·2

59 424 76 450 ι
91 414 367 463 capessundam
385 414 550 452 arbitror
569 412 797 451 libertatem.
819 412 950 463 Neque
968 425 1028 452 me
1044 414 1238 463 praeterit,
1257 423 1377 463 quan·
1400 416 1420 449 3

90 474 147 506 tas
182 479 274 518 opes
313 468 520 508 nobilitatis
551 467 654 506 solus
681 469 867 517 inpotens,
893 469 994 506 inani
1021 469 1147 518 specie
1178 469 1377 518 magistra-

91 523 161 566 tus,
194 523 337 573 pellere
369 524 625 562 dominatione
653 523 842 572 incipiam,
875 527 1094 573 quantoque
1123 523 1241 562 tutius
1263 522 1377 566 factio

88 578 290 617 noxiorum
322 584 405 628 agat
435 590 548 630 quam
574 577 643 616 soli
671 578 904 616 innocentes.

203 632 269 672 Set
297 639 450 684 praeter
477 645 584 683 spem
613 632 753 671 bonam
775 644 820 671 ex
846 632 962 676 vobis
993 644 1089 683 quae
1107 638 1251 672 metum
1277 633 1376 677 vicit,
1401 642 1422 673 4

44 695 77 722 10
91 688 203 726 statui
233 689 450 727 certaminis
479 688 639 726 advorsa
668 699 738 737 pro
767 686 941 726 libertate
972 689 1121 737 potiora
1165 699 1247 726 esse
1289 687 1378 726 forti

90 743 170 781 viro
207 754 320 794 quam
351 744 504 781 omnino
535 754 612 781 non
643 743 856 781 certavisse.
886 742 1125 792 Quamquam
1155 753 1287 780 omnes
1317 741 1378 781 alii
1401 752 1422 785 5

91 798 208 836 creati
240 810 310 848 pro
346 799 428 837 iure
458 802 586 836 vostro
614 799 689 836 vim
718 802 895 835 cunctam
926 802 961 836 et
979 799 1143 847 imperia
1166 809 1234 836 sua
1257 799 1377 847 gratia

91 858 155 891 aut
184 864 251 903 spe
286 858 351 891 aut
379 854 559 904 praemiis
589 853 730 876 *****
757 853 794 890 in
824 864 890 890 vos
912 858 1139 892 convortere
1165 852 1379 903 meliusque

90 907 235 946 habent
259 908 438 947 mercede
460 907 681 958 delinquere
712 919 825 957 quam
855 908 972 957 gratis
997 913 1102 947 recte
1135 908 1274 947 facere.
1305 907 1377 946 Ita-
1401 912 1424 946 6

46 971 79 998 15
93 975 167 1014 que
199 974 331 1002 omnes
363 974 587 1002 concessere
603 964 675 1001 iam
695 964 731 1000 in
751 974 963 1013 paucorum
980 963 1289 1008 dominationem,
1314 964 1379 1014 qui

92 1029 162 1068 per
192 1017 353 1056 militare
381 1029 521 1057 nomen
553 1019 744 1056 aerarium
774 1019 983 1062 exercitus,
1014 1029 1132 1068 regna
1164 1019 1380 1068 provincias

94 1084 332 1123 occupavere
362 1078 399 1112 et
428 1085 556 1112 arcem
590 1073 732 1112 habent
768 1085 811 1111 ex
847 1073 976 1124 spoliis
1008 1074 1164 1112 vostris:
1205 1085 1292 1112 cum
1322 1075 1380 1112 in-

92 1129 204 1166 terim
221 1139 329 1167 more
348 1140 531 1178 pecorum
553 1140 619 1167 vos
636 1127 836 1167 multitudo
856 1128 1014 1177 singulis
1033 1128 1231 1167 habendos
1248 1128 1379 1167 fruen-

94 1183 238 1233 dosque
268 1183 471 1234 praebetis,
513 1184 613 1222 exuti
645 1183 820 1222 omnibus
851 1195 947 1234 quae
974 1185 1139 1223 maiores
1164 1183 1377 1234 reliquere:

46 1238 164 1276 2onisi
192 1239 278 1289 quia
308 1237 494 1276 vobismet
528 1239 599 1288 ipsi
637 1250 707 1288 per
739 1239 937 1288 suffragia,
982 1243 1024 1277 ut
1052 1238 1247 1289 praesides
1275 1238 1376 1283 olim,

92 1304 196 1332 nunc
223 1293 397 1331 dominos
428 1294 632 1332 destinatis.
680 1293 811 1344 Itaque
846 1305 1071 1333 concessere
1105 1293 1194 1334 illuc
1223 1305 1377 1334 omnes:
1403 1306 1422 1336 7

93 1353 130 1386 at
161 1359 262 1392 mox,
293 1349 323 1386 si
353 1353 479 1387 vostra
513 1349 747 1398 receperitis,
777 1348 823 1386 ad
843 1360 909 1386 vos
932 1348 1117 1399 plerique.
1148 1349 1260 1388 Raris
1279 1351 1379 1388 enim

93 1403 240 1442 animus
259 1403 373 1441 estad
392 1415 446 1447 ea,
468 1415 565 1454 quae
582 1405 717 1447 iacent,
737 1403 998 1442 defendunda:
1020 1406 1137 1443 ceteri
1155 1404 1379 1443 validiorum

93 1464 193 1497 sunt.
239 1458 295 1496 An
328 1457 485 1497 dubium
524 1458 690 1503 habetis,
722 1470 813 1497 num
849 1458 1015 1497 obticere
1042 1459 1131 1509 quid
1165 1459 1273 1497 vobis
1300 1471 1378 1498 uno
1403 1465 1424 1498 8

47 1523 77 1548 25
94 1514 219 1551 animo
244 1513 492 1564 pergentibus
520 1514 650 1564 possit,
673 1525 768 1564 quos
791 1513 990 1562 languidos
1014 1514 1261 1565 socordisque
1291 1526 1380 1564 per-

92 1568 278 1607 timuere?
333 1568 412 1607 Nisi
443 1568 541 1607 forte
572 1569 615 1608 G.
645 1568 770 1612 Cotta,
811 1581 854 1607 ex
887 1568 1050 1608 factione
1080 1569 1204 1608 media
1235 1569 1379 1613 consul,

94 1622 202 1662 aliter
239 1634 352 1673 quam
382 1628 486 1662 metu
515 1625 598 1662 iura
627 1624 812 1673 quaedam
846 1623 1007 1662 tribunis
1041 1623 1167 1674 plebei
1203 1626 1378 1663 restituit.

94 1678 246 1718 Scilicet
275 1691 506 1729 quamquam
532 1678 574 1717 L.
605 1678 767 1717 Sicinius
796 1680 944 1728 primus
972 1680 1018 1717 de
1046 1684 1232 1729 potestate
1258 1679 1380 1718 tribu-

90 1734 189 1772 nicia
224 1732 329 1784 loqui
357 1746 472 1773 ausus
497 1733 755 1773 mussantibus
773 1733 879 1772 vobIs
898 1735 1180 1773 circumventus
1202 1739 1294 1778 erat,
1324 1739 1380 1773 ta-

45 1797 77 1824 so
91 1799 180 1827 men
209 1789 315 1839 prius
334 1788 384 1827 illi
405 1790 580 1828 invidiam
607 1794 780 1828 metuere
810 1800 923 1839 quam
952 1800 1018 1826 vos
1048 1790 1209 1828 iniuriae
1229 1794 1380 1839 pertae-

93 1855 178 1881 sum
209 1848 277 1882 est.
324 1843 433 1888 Quod
469 1856 538 1895 ego
570 1856 719 1894 nequeo
751 1844 839 1882 satis
874 1844 1024 1888 mirari,
1066 1843 1251 1888 Quirites:
1291 1856 1379 1884 nam

92 1909 199 1948 spem
228 1899 370 1937 frustra
401 1899 517 1939 fuisse
554 1898 800 1938 intellexistis.
859 1897 962 1937 Sulla
991 1906 1166 1944 mortuo,
1201 1900 1265 1950 qui
1296 1911 1377 1938 sce·
1401 1908 1423 1941 9

91 1951 228 1992 lestum
261 1954 483 2003 inposuerat
511 1955 716 1998 servitium,
748 1954 862 1992 finem
887 1952 975 1992 mali
1005 1954 1237 1994 credebatis:
1273 1959 1381 1994 ortus

92 2013 150 2047 est
173 2007 288 2059 longe
317 2010 464 2048 saevior
496 2009 661 2048 Catulus.
717 2008 919 2047 Tumultus
949 2010 1163 2048 intercessit
1193 2009 1312 2049 Bruto
1343 2014 1382 2049 et
1406 2018 1446 2051 10

45 2071 78 2099 ³5
90 2063 284 2102 Mamerco
316 2064 553 2104 consulibus:
588 2065 675 2104 dein
707 2065 750 2104 G.
779 2063 892 2102 Curio
917 2064 963 2102 ad
992 2065 1147 2103 exitium
1176 2076 1295 2116 usque
1323 2066 1380 2104 in-

89 2118 209 2157 sontis
225 2118 368 2158 tribuni
389 2120 605 2159 dominatus
629 2124 697 2158 est.
728 2118 908 2158 Lucullus
926 2121 1126 2171 superiore
1143 2132 1243 2159 anno
1260 2132 1379 2171 quan·
1407 2129 1442 2162 11

89 2173 136 2212 tis
164 2175 299 2212 animis
327 2176 413 2214 ierit
442 2177 479 2214 in
512 2175 554 2214 L.
583 2174 797 2219 Quintium,
833 2174 994 2213 vidistis:
1027 2181 1191 2225 quantae
1216 2176 1381 2226 denique

86 2238 192 2268 nunc
220 2229 313 2268 mihi
342 2230 478 2269 turbae
513 2230 773 2269 concitantur!
826 2229 930 2274 Quae
960 2231 1133 2281 profecto
1162 2232 1199 2270 in
1229 2241 1379 2270 cassum
