1537 2512
163 77 240 118 112
518 88 756 116 ORAmeEs
785 89 838 114 ET
866 88 1103 115 emsa-unu:

161 187 231 226 sihi
252 188 414 238 quisque
434 197 528 237 opes
545 192 610 226 aut
629 187 843 236 patrocinia
864 185 1090 236 quaerundo
1115 185 1315 225 consilium
1332 185 1457 236 publi-

115 252 134 284 7
161 255 248 282 cum
279 247 556 292 conruperunt.
586 242 634 280 At
658 247 740 280 tum
767 247 850 280 erat
872 240 1038 291 Lepidus
1066 240 1165 279 latro
1200 253 1287 280 cum
1316 241 1457 281 caloni-

159 297 233 336 bus
262 301 299 337 et
325 298 457 348 paucis
486 298 649 342 sicariis,
682 308 847 347 quorum
867 307 981 335 nemo
1007 307 1084 335 non
1111 295 1248 336 diurna
1277 297 1457 337 mercede

159 353 273 391 vitam
302 353 524 392 mutaverit:
565 363 668 391 nunc
703 357 760 390 est
795 363 867 402 pro
899 350 1055 390 consule
1086 363 1174 390 cum
1194 352 1363 402 imperio
1379 363 1456 391 non

161 413 289 458 empto
321 413 379 447 set
409 407 495 446 dato
524 420 542 446 a
575 407 700 452 vobis,
737 419 825 445 cum
854 407 988 456 legatis
1018 405 1145 445 adhuc
1174 408 1258 446 iure
1289 408 1488 458 parenti-⁶
1532 430 1537 458 t

159 462 253 502 bus:
277 468 315 502 et
336 463 383 501 ad
409 474 497 501 eum
517 474 753 501 concurrere
776 462 952 500 homines
973 462 1144 500 omnium
1170 462 1350 501 ordInum
1367 474 1458 502 con·
1529 463 1537 473 “

159 519 395 568 ruptissumi,
421 517 628 568 flagrantes
651 518 777 567 inopia
796 522 833 556 et
855 515 1115 567 cupidinibus,
1146 516 1339 556 scelerum
1367 529 1458 557 con-

159 574 318 612 scientia
363 574 560 635 exagitati,
603 572 742 623 quibus
773 573 880 623 quies
908 573 946 610 in
988 571 1250 615 seditionibus,
1282 573 1320 611 in
1364 585 1460 623 pace

159 628 296 667 turbae
318 634 426 667 sunt:
460 629 493 666 ei
514 628 719 667 tumultum
745 640 790 666 ex
810 626 989 672 tumultu,
1020 626 1165 665 bellum
1196 639 1240 666 ex
1272 627 1372 666 bello
1399 640 1460 667 se·
1535 667 1537 669 ,

159 688 268 728 1·,unt
299 683 494 723 Saturnini
525 683 634 727 olim,
666 689 753 732 post
782 682 944 732 Sulpici,
978 682 1065 721 dein
1095 681 1191 721 Mari
1221 682 1537 744 Damasippi-10

114 745 136 778 8
161 750 254 789 que,
284 751 390 778 nunc
412 738 544 788 Lepidi
570 738 762 777 satellites.
790 740 995 778 P1aeterea
1014 737 1167 776 Etruria
1189 742 1304 788 atque
1326 749 1460 778 omnes

160 793 345 857 reliquiae
369 793 462 833 belli
490 794 680 837 adrectae,
711 795 915 844 ffispaniae
942 794 1058 831 armis
1084 793 1279 838 sollicitae,
1312 793 1459 833 Mithri·

160 849 267 888 dates
295 851 333 888 in
363 848 483 889 latere
511 849 751 900 vectigalium
782 854 1023 892 nostrorum,
1053 847 1192 899 quibus
1221 847 1348 888 adhuc
1375 860 1459 889 sus-

159 909 365 949 tentamur,
398 904 498 943 diem
526 903 627 943 bello
657 905 934 954 circumspicit:
974 905 1064 954 quin
1094 908 1251 953 praeter
1280 904 1460 944 idoneum

161 959 299 999 ducem
328 959 420 998 nihil
451 959 559 998 abest
588 960 637 998 ad
664 959 970 999 subvortundum
1003 961 1225 1011 imperium.
1474 970 1505 997 1⁵

113 1025 135 1058 9
271 1015 382 1061 Quod
405 1027 476 1065 ego
497 1026 563 1053 vos
584 1026 653 1053 oro
675 1020 788 1066 atque
810 1015 985 1059 obsecro,
1017 1021 1146 1064 patres
1171 1015 1388 1066 conscripti,
1418 1020 1461 1054 ut

160 1070 483 1115 animadvortatis,
515 1082 591 1110 neu
621 1071 817 1120 patiamini
838 1071 1030 1109 licentiam
1054 1069 1247 1110 scelerum
1269 1071 1377 1122 quasi
1398 1082 1459 1109 ra-

159 1125 262 1164 biem
286 1125 333 1164 ad
356 1126 528 1176 integros
546 1131 724 1164 contactu
744 1126 971 1176 procedere.
1004 1126 1099 1165 Nam
1122 1125 1188 1164 ubi
1205 1125 1327 1165 malos
1346 1137 1458 1176 prae·

158 1182 233 1220 mia
263 1186 466 1226 secuntur,
504 1181 598 1220 haut
634 1181 746 1220 facile
776 1183 978 1232 quisquam
1017 1182 1182 1231 gratuito
1221 1181 1348 1220 bonus
1387 1186 1456 1220 est.

93 1243 135 1276 10
158 1236 214 1276 An
247 1237 479 1286 expectatis,
515 1237 608 1275 dum
642 1238 812 1275 exercitu
844 1248 980 1276 rursus
1013 1237 1167 1275 admoto
1209 1237 1313 1276 ferro
1344 1242 1459 1287 atque
1472 1244 1506 1271 ²0

159 1290 313 1330 flamma
341 1291 480 1331 urbem
503 1292 677 1331 invadat?
707 1291 809 1342 quod
837 1292 956 1331 multo
987 1293 1145 1342 propius
1166 1297 1223 1332 est
1245 1292 1292 1331 ab
1319 1304 1364 1332 eo
1382 1303 1458 1342 quo

160 1348 276 1398 agitat
304 1353 423 1392 statu,
466 1360 580 1398 quam
613 1361 658 1386 ex
685 1359 778 1397 pace
809 1353 845 1386 et
874 1348 1079 1386 concordia
1111 1348 1157 1386 ad
1189 1359 1295 1387 arma
1324 1346 1458 1392 civilia,

160 1413 258 1452 quae
279 1402 340 1442 ille
363 1403 569 1442 advorsum
591 1403 715 1442 divina
740 1409 775 1442 et
801 1403 967 1442 humana
992 1404 1119 1442 onmia
1144 1404 1255 1454 cepit,
1287 1415 1364 1442 non
1386 1413 1460 1453 pro

160 1470 228 1497 sua
255 1463 319 1497 aut
355 1470 521 1509 quorum
552 1458 704 1497 simulat
739 1459 894 1502 iniuria,
932 1464 988 1497 set
1025 1458 1153 1509 legum
1193 1471 1238 1498 ac
1274 1458 1459 1498 libertatis

95 1524 132 1556 11
159 1513 456 1553 subvortundae.
485 1515 619 1565 Agitur
650 1515 751 1553 enim
783 1526 826 1553 ac
852 1514 1044 1553 laceratur
1070 1515 1185 1553 animi
1216 1514 1394 1564 cupidine
1422 1518 1459 1553 et
1471 1522 1506 1549 2⁵

160 1580 348 1607 noxarum
376 1575 499 1613 metu,
547 1581 685 1619 expers
716 1569 869 1613 consili,
908 1571 1077 1620 inquies,
1115 1570 1210 1609 haec.
1254 1575 1368 1620 atque
1396 1567 1459 1608 illa

161 1630 372 1674 temptans,
414 1626 546 1663 metuit
577 1626 694 1664 otium
722 1625 801 1664 odit
832 1624 997 1669 bellum,
1036 1625 1128 1664 luxu
1165 1631 1279 1676 atque
1309 1624 1458 1664 licentia

161 1679 372 1718 carendum
401 1680 503 1719 videt
525 1686 710 1730 —atque
737 1682 887 1719 interim
918 1680 1087 1719 abutitur
1116 1685 1241 1719 vostra
1267 1680 1456 1720 socordia.

95 1741 134 1773 12
160 1734 293 1785 Neque
315 1735 406 1774 mihi
435 1737 524 1774 satis
553 1736 686 1775 consili
717 1741 784 1779 est,
815 1742 957 1774 metum
992 1748 1040 1773 an
1077 1737 1265 1785 ignaviam
1303 1747 1350 1774 an
1391 1735 1456 1774 de-

162 1791 346 1828 mentiam
380 1802 462 1829 ean}
477 1789 687 1841 adpellem:
722 1792 786 1841 qui
808 1790 992 1829 videmini
1014 1792 1208 1830 intuentes
1233 1797 1342 1831 tanta
1364 1791 1506 1832 malasc

163 1846 271 1894 quasi
290 1844 577 1895 sulmenoptare
595 1858 636 1885 se
653 1848 813 1897 quisque
832 1859 879 1885 ne.
898 1846 1080 1895 adtingat,
1107 1853 1164 1884 set
1185 1846 1396 1897 prohibere
1415 1859 1463 1886 ne

95 1902 136 1935 13
162 1899 293 1936 conari
327 1899 493 1949 quidem.
555 1901 601 1939 Et
641 1913 784 1952 quaeso
819 1901 1079 1946 considerate,
1120 1914 1234 1953 quam
1269 1913 1455 1942 convorsa

163 1964 293 1991 rerum
321 1960 456 1993 natura
487 1957 545 1994 sit.
572 1957 690 1995 Antea
723 1956 865 1995 malum
898 1956 1092 2007 publicum
1124 1957 1285 2003 occulte,
1317 1957 1454 1998 auxilia

160 2007 284 2057 palam
317 2010 607 2050 instruebantur
647 2017 684 2051 et
719 2024 764 2051 eo
799 2012 889 2051 boni
935 2012 1053 2051 malos
1091 2013 1200 2053 facile
1240 2012 1453 2053 anteibant.

161 2075 263 2102 nunc
299 2076 370 2114 pax
404 2070 440 2103 et
472 2067 676 2106 concordia
714 2067 979 2107 disturbantur
1010 2067 1154 2119 palam,
1195 2068 1500 2109 defenduntur„

160 2118 328 2158 occulte.
367 2120 505 2169 quibus
533 2122 592 2161 illa
625 2122 775 2173 placent
806 2125 842 2162 in
872 2126 989 2162 armis
1020 2131 1127 2168 sunt,
1166 2136 1232 2163 vos
1267 2124 1304 2162 in
1335 2130 1452 2164 metu.

95 2177 133 2209 14
159 2173 255 2218 Quid
295 2177 526 2224 expectatis?
565 2179 633 2216 nisi
677 2178 774 2216 tort«-
806 2179 921 2228 pudet
954 2185 1017 2218 aut
1048 2181 1151 2230 piget
1180 2184 1286 2219 recte
1312 2179 1451 2219 facere.

158 2229 212 2266 An
243 2229 374 2281 Lepidi
416 2232 591 2271 mandata
631 2235 775 2271 animos
815 2235 991 2273 nioveff’it
1030 2237 1094 2283 qui
1125 2235 1275 2287 placere
1307 2236 1357 2274 ait
1385 2245 1454 2274 sua
