1537 2512
72 89 127 131 86
259 102 315 127 ΒΕ
345 101 480 128 manno
510 99 776 127 rvcvufrnmo
810 99 847 126 c.
879 94 936 128 80.
963 93 1022 128 81.
1052 94 1107 129 82.
1138 94 1194 128 83.

75 202 257 252 quisque,
290 210 406 249 quam
434 197 635 248 plurumas
662 209 816 243 uxores,
838 198 957 237 denas
985 197 1048 236 alii
1069 196 1132 236 alii
1162 197 1294 248 plures
1312 196 1382 236 ha·

41 256 186 300 7bent‚
221 258 280 293 set
298 264 413 303 reges
440 265 485 292 eo
510 252 686 305 amplius.
731 252 785 292 Ita
807 255 958 292 animus
977 251 1223 291 multitudine
1243 252 1381 290 distra-

75 311 200 349 hitur:
238 308 344 348 nulla
373 320 446 359 pro
477 309 580 347 socia
611 310 773 358 optinet,
804 310 950 359 pariter
987 319 1121 347 omnes
1151 307 1245 346 viles
1275 315 1378 346 sunt.

9 368 57 410 81
75 366 196 415 Igitur
224 365 264 404 in
295 364 425 403 locum
464 363 654 402 ambobus
682 363 865 415 placitum
901 364 1094 402 exercitus
1127 363 1379 402 conveniunt:

75 421 129 460 ibi
158 421 234 459 fide
264 420 351 459 data
381 424 419 458 et
447 423 604 469 accepta
632 419 818 468 Iugurtha
846 418 990 458 Bocchi
1008 419 1179 457 animum
1208 419 1410 456 orationes

76 476 275 515 adcendit:
305 475 502 513 Romanos
521 475 700 518 iniustos,
732 474 925 524 profunda
956 474 1133 518 avaritia,
1166 474 1381 512 communis

76 532 247 570 omnium
267 531 388 569 hostis
406 541 509 569 esse:
527 530 691 569 eandem
707 529 792 568 illos
808 540 983 568 caussam
1004 528 1094 567 belli
1116 540 1204 567 cum
1224 527 1381 566 Boccho

76 586 235 631 habere,
254 597 370 637 quam
385 596 518 624 secum
534 590 573 624 et
593 597 681 624 cum
698 584 779 623 aliis
799 584 991 634 gentihus,
1012 583 1387 634 lubidinemimperi-

76 642 194 686 tandi,
225 642 311 692 quis
333 641 461 680 omnia
482 651 603 690 regna
622 640 784 679 advorsa
805 640 901 678 sint:
930 644 1014 678 tum
1035 650 1132 682 sese.
1156 638 1272 688 paulo
1294 643 1381 676 ante

77 697 421 746 Carthaginiensis,
451 697 543 734 item
563 707 697 745 regem
719 696 884 739 Persen,
907 699 994 744 post
1016 695 1070 733 uti
1093 695 1255 744 quisque
1284 705 1379 744 opu·
1396 708 1427 733 ιο

42 751 325 793 2lentissumus
353 751 545 796 videatur,
577 753 627 790 ita
648 751 832 790 Romanis
859 750 1011 788 hostem
1037 749 1132 788 sore.
1182 749 1247 787 Eis
1266 755 1381 799 atque

76 807 159 846 aliis
179 807 321 846 talibus
344 807 453 845 dictis
473 806 520 844 ad
544 806 685 845 Cirtam
707 806 891 856 oppidum
911 806 983 844 iter
1004 806 1253 848 constituunt,
1278 803 1380 854 quod

75 863 206 914 ibique
229 863 367 886 ******
391 861 565 901 Metellus
586 862 770 912 praedam
793 862 1040 911 cap!ivosque
1064 865 1101 898 et
1121 859 1382 910 inpedimenta

41 922 62 955 3
75 918 280 957 locaverat.
311 917 366 956 Ita
382 917 569 966 Iugurtha
589 921 696 955 ratus
718 921 783 956 aut
799 921 908 966 capta
928 915 1028 954 urbe
1049 927 1190 966 operae
1204 914 1381 964 precium

75 973 172 1018 fore,
195 977 260 1012 aut
274 973 307 1010 si
325 972 523 1011 Romanus
541 971 680 1011 auxilio
700 973 778 1010 suis
794 972 969 1015 venisset,
987 971 1134 1022 proelio
1156 981 1241 1009 sese
1257 974 1380 1008 certa-
1396 983 1426 1008 ω

42 1034 197 1068 citurus,
258 1027 356 1067 Nam
391 1026 551 1067 callidus
580 1028 618 1066 id
648 1027 764 1066 modo
801 1026 1023 1070 festinabat,
1063 1025 1208 1064 Bocchi
1244 1036 1381 1076 pacem

77 1084 311 1128 inminuere,
340 1096 390 1123 ne
421 1094 551 1122 moras
581 1083 760 1133 agitando
781 1082 883 1121 aliud
914 1093 1030 1133 quam
1063 1081 1208 1120 bellum
1236 1079 1378 1119 mallet.

9 1137 62 1178 82
176 1138 392 1189 Imperator
421 1143 627 1190 postquam
648 1138 696 1177 de
714 1149 853 1188 regum
879 1139 1061 1177 societate
1086 1136 1275 1186 cognovit,
1302 1147 1380 1174 non

77 1199 237 1239 temere,
268 1206 416 1245 neque,
450 1196 503 1234 uti
527 1206 642 1245 saepe
671 1195 746 1233 iam
775 1195 874 1232 victo
900 1192 1086 1242 Iugurtha
1115 1197 1379 1231 consueverat.

79 1249 260 1289 omnibus
281 1249 376 1288 locis
400 1250 598 1301 pugnandi
625 1251 773 1300 copiam
799 1249 907 1287 facit:
938 1253 1110 1287 ceterum
1130 1247 1224 1286 haut
1243 1246 1381 1298 procul
1394 1260 1427 1286 2⁶

77 1305 125 1345 ab
158 1304 259 1344 Cirta
290 1305 425 1344 castris
454 1306 610 1344 munitis
637 1316 752 1354 reges
781 1305 973 1354 operitur,
1003 1302 1141 1342 melius
1161 1314 1244 1342 esse
1273 1309 1381 1341 ratus

77 1361 240 1411 cognitis
270 1360 433 1404 Mauris,
478 1362 661 1411 qnoniam
692 1362 723 1398 is
752 1371 872 1398 novos
901 1359 1021 1397 hostis
1051 1358 1292 1402 adcesserat,
1334 1369 1381 1396 ex

77 1415 281 1455 commodo
306 1427 476 1466 pugnam
498 1415 638 1454 facere.

42 1482 64 1513 2
188 1471 347 1510 Interim
377 1471 499 1510 Roma
525 1483 595 1521 per
625 1471 770 1509 litteras
801 1471 943 1509 certior
974 1470 1015 1507 fit
1042 1469 1278 1519 provinciam
1302 1468 1380 1507 Nu-

78 1527 233 1566 midiam
248 1526 368 1565 Mario
390 1527 536 1566 datam:
559 1539 648 1565 nam
670 1525 868 1565 consulem
889 1525 1032 1564 sactum
1051 1529 1139 1563 ante
1163 1529 1377 1574 acceperat.
1393 1537 1427 1563 τε

78 1581 227 1628 Quibus
246 1582 366 1621 rebus
385 1594 503 1632 supra
532 1581 678 1621 boumn
700 1586 766 1620 aut
791 1581 996 1620 honestum
1017 1579 1232 1631 perculsus,
1255 1591 1381 1630 neque

77 1636 270 1676 lacrumas
289 1642 424 1677 tenere
446 1650 574 1688 noque
600 1637 794 1676 moderari
822 1636 1016 1686 linguam:
1047 1637 1104 1674 vir
1134 1636 1314 1685 egregius
1343 1636 1380 1673 in

42 1693 157 1734 3aliis
187 1693 335 1732 artibus
362 1694 475 1732 nimis
494 1692 660 1731 molliter
683 1692 962 1741 aegritudinem
993 1691 1083 1741 pati.
1143 1689 1267 1735 Quam
1297 1702 1380 1729 rem

76 1748 137 1787 alii
152 1749 190 1786 in
205 1748 428 1799 superbiam
446 1748 660 1793 vortebant,
683 1748 743 1787 alii
763 1747 908 1786 bonum
931 1748 1127 1797 ingenium
1149 1745 1380 1785 contumelia

76 1803 286 1842 adcensum
311 1815 407 1849 esse,
434 1803 542 1843 multi
572 1804 676 1855 quod
705 1805 779 1842 iarn
810 1807 919 1853 parta
942 1803 1099 1841 victoria
1126 1814 1173 1841 ex
1201 1801 1379 1840 manibus
1393 1812 1427 1839 3ο

77 1860 306 1910 eriperetur.
363 1859 483 1899 Nobis
513 1861 603 1898 satis
631 1861 826 1909 cognitum
858 1863 915 1897 est
945 1858 1049 1896 illum
1080 1858 1200 1908 magis
1231 1857 1380 1896 honore

75 1913 171 1953 Mari
201 1927 316 1965 quam
347 1916 484 1954 iniuria
511 1927 577 1953 sua
600 1916 862 1954 excruciatum
885 1925 1011 1964 neque
1041 1919 1118 1952 tam
1142 1914 1253 1951 anxie
1283 1911 1380 1951 latu-

75 1981 164 2008 rum
199 1969 336 2014 fuisse,
380 1971 411 2009 si
447 1971 622 2020 adempta
659 1971 855 2020 provincia
895 1969 956 2007 alii
995 1980 1109 2019 quam
1146 1967 1265 2006 Mario
1302 1972 1379 2006 tra—

75 2025 246 2064 deretur.

9 2083 61 2126 83
188 2080 308 2131 Igitur
335 2092 381 2119 eo
415 2080 549 2120 dolore
572 2081 763 2131 inpeditus
791 2086 829 2119 et
857 2081 944 2130 quia
972 2079 1153 2119 stultitiae
1176 2077 1422 2117 videbatur&

76 2135 236 2176 alienam
257 2147 339 2175 rem
361 2135 534 2185 periculo
554 2148 624 2175 suo
646 2148 805 2179 curare,
838 2134 984 2186 legatos
1006 2135 1053 2174 ad
1073 2133 1270 2173 Bocchum
1292 2135 1377 2172 mit-

74 2193 119 2231 tit
140 2190 389 2242 postulatum,
414 2203 463 2230 ne
483 2192 565 2230 sine
594 2204 709 2231 causa
743 2191 864 2229 hostis
884 2190 1028 2241 populo
1052 2190 1225 2228 Romano
1246 2189 1376 2228 fieret:

77 2247 222 2288 habere
242 2252 323 2286 tum
347 2259 524 2295 magnam
548 2248 696 2297 copiam
717 2247 909 2285 societatis
931 2246 1195 2295 amicitiaeque
1216 2245 1377 2284 coniun-
