1537 2512
369 132 424 159 m:
454 130 588 157 nnLLo
622 129 886 157 IVGVRTmNO
918 129 952 155 c.
979 125 1034 157 50.
1064 125 1120 156 51.
1341 117 1394 156 69

97 243 171 285 pro
201 243 245 271 re
271 236 384 281 atque
411 229 508 274 loco,
534 229 644 267 sicuti
664 233 793 267 monte
814 226 1077 269 descenderat,
1100 226 1282 276 paulatim
1302 238 1392 276 pro-

99 287 251 331 cedere,
282 285 445 324 Marium
471 288 558 334 post
580 284 767 334 principia
793 283 960 326 hahere,
992 283 1074 334 ipse
1102 294 1189 320 cum
1219 282 1394 320 sinistrae

99 342 180 382 alae
205 340 397 392 equitibus
424 351 519 384 esse,
545 340 609 389 qui
638 339 676 377 in
707 340 856 388 agmine
879 338 1072 393 princip-es
1096 337 1185 376 sacti
1214 342 1334 375 erant.

208 396 256 435 At
275 395 470 445 Iugurtha,
499 394 564 434 ubi
586 399 797 433 extremum
821 405 958 444 agmen
979 392 1119 433 Metelli
1139 393 1285 442 primos
1304 403 1394 431 suos
1409 398 1430 430 3

69 464 84 488 ⁵
99 457 430 504 praetergressum
461 450 571 494 videt,
599 450 790 499 praesidio
821 449 929 499 quasi
957 449 1074 488 duum
1101 448 1245 486 milium
1286 447 1394 497 pedi-

96 513 179 547 tum
225 510 394 546 montem
417 509 591 555 occupat,
623 517 696 555 qua
723 504 896 543 Metellus
925 504 1187 547 descenderat,
1216 515 1264 541 ne
1297 502 1394 540 sorte

99 562 321 602 cedentibus
351 561 579 600 advorsariis
608 561 781 610 receptui
817 572 860 598 ac
897 565 984 609 post
1009 560 1247 599 munimento
1274 558 1393 596 soret:

100 619 185 657 dein
212 621 371 667 repente
402 617 511 666 signo
540 616 627 654 dato
658 616 777 653 hostis
797 615 949 654 invadit.
996 614 1183 654 Numidae
1208 613 1269 652 alii
1289 617 1426 663 post-4

98 685 228 713 remos
252 673 426 716 caedere,
459 683 548 721 pars
570 683 589 709 a
612 671 765 708 sinistra
794 682 838 708 ac
869 671 1001 709 dextra
1023 674 1224 720 temptare,
1256 668 1395 707 infensi

53 736 84 762 10
98 729 231 768 adesse
266 734 380 778 atque
409 729 572 769 instare,
616 726 793 764 omnibus
824 724 917 763 locis
945 725 1211 764 Romanorum
1241 723 1395 762 ordines

99 783 353 826 conturbare,
385 793 550 833 quorum
573 782 685 819 etlam
710 782 774 831 qui
794 780 1029 819 firmioribus
1051 780 1186 818 animis
1209 778 1308 817 obvii
1325 778 1394 816 ho-

98 839 219 878 stibus
242 838 406 881 suerant,
429 836 610 875 ludificati
635 837 783 874 incerto
808 835 953 885 proelio
1000 837 1071 886 ipsi
1101 834 1217 873 modo
1248 835 1395 873 eminus

97 893 381 937 sauciabantur,
404 904 531 943 neque
560 896 693 930 contra
714 890 880 929 feriundi
901 896 966 930 aut
987 890 1220 929 conserundi
1238 899 1394 927 manum

99 950 207 1000 copia
231 953 331 987 erat:
354 952 440 986 aute
463 948 538 985 iam
557 947 659 985 docti
679 946 726 985 ab
756 945 944 996 Iugurtha
975 947 1138 997 equites,
1164 944 1231 983 ubi
1256 944 1430 983 Roma-5

54 1016 238 1044 15norum
270 1009 396 1043 turma
426 1003 575 1053 insequi
611 1006 813 1052 coeperat,
853 1013 931 1040 non
963 1001 1165 1040 confertim
1200 1011 1326 1049 neque
1357 1000 1395 1037 in

99 1071 218 1099 unum
239 1071 323 1098 sese
347 1058 596 1108 recipiebant,
619 1061 676 1096 set
697 1056 791 1096 alius
816 1056 889 1095 alio
911 1069 1025 1107 quam
1042 1067 1219 1094 maxume
1241 1055 1394 1093 divorsi.

98 1116 151 1154 Ita
170 1127 332 1154 numero
354 1115 521 1163 priores,
556 1114 586 1151 si
609 1112 655 1151 ab
679 1112 948 1162 persequendo
971 1112 1089 1150 hostis
1110 1112 1306 1149 deterrere
1328 1120 1394 1148 ne·
1410 1117 1432 1150 6

99 1171 312 1221 quiverant,
337 1170 514 1207 disiectos
534 1168 580 1207 ab
605 1172 712 1216 tergo
735 1172 799 1206 aut
818 1166 1002 1206 lateribus
1023 1165 1393 1205 circumveniebant:

101 1226 159 1264 sin
171 1225 427 1274 opportunior
443 1224 554 1273 fugae
572 1222 679 1261 collis
689 1234 803 1273 quam
827 1223 951 1272 campi
972 1222 1108 1266 suerat,
1131 1233 1174 1259 ea
1197 1232 1286 1259 vero
1303 1231 1394 1258 con-

52 1291 86 1317 πο
98 1281 196 1319 sueti
225 1278 476 1318 Numidarum
501 1276 589 1328 equi
609 1277 719 1316 facile
741 1279 840 1316 inter
862 1277 1023 1327 virgulta
1046 1276 1220 1320 evadere,
1244 1278 1395 1313 nostros

98 1335 283 1384 asperitas
305 1339 342 1372 et
369 1332 567 1371 insolentia
594 1332 667 1371 loci
695 1332 895 1372 retinebat.
941 1332 1121 1371 Ceterum
1144 1331 1260 1370 facies
1282 1331 1395 1368 totius
1410 1331 1460 1372 51

97 1391 226 1439 negoti
250 1390 352 1427 varia
375 1390 532 1433 incerta,
554 1388 666 1427 foeda
688 1393 801 1439 atque
824 1388 1070 1426 miserabilis:
1092 1386 1254 1435 dispersi
1276 1398 1296 1423 a
1318 1385 1395 1423 suis

97 1456 187 1495 pars
216 1445 354 1484 cedere
382 1444 443 1482 alii
469 1445 629 1493 insequi,
656 1455 782 1494 neque
803 1445 910 1493 signa
930 1455 1055 1493 neque
1083 1442 1238 1480 ordines
1262 1440 1396 1478 obser-

98 1512 200 1544 vare,
232 1500 296 1539 ubi
324 1511 515 1550 quemque
543 1498 757 1549 periculum
780 1503 935 1550 ceperat
960 1498 1012 1537 ibi
1032 1498 1213 1536 resistere
1237 1508 1280 1534 ac
1306 1506 1395 1545 pro-

52 1567 84 1593 25
98 1555 274 1606 pulsare:
306 1555 520 1599 armantela,
545 1556 633 1605 equi
656 1555 735 1598 v1ri,
767 1554 896 1592 hostes
926 1558 1040 1604 atque
1072 1554 1171 1592 cives
1201 1551 1393 1601 permixti,

99 1611 191 1649 nihil
217 1610 374 1648 consilio
400 1610 698 1660 nequeimperio
717 1611 797 1660 agi,
821 1609 900 1647 sors
921 1610 1048 1647 omnia
1071 1619 1220 1658 regere.
1265 1606 1430 1656 Itaquc2

99 1665 263 1704 multum
294 1666 366 1704 diei
384 1670 646 1715 processerat,
680 1677 766 1703 cuin
788 1666 983 1703 etiamtum
1010 1669 1166 1704 eventus
1187 1663 1225 1700 in
1248 1663 1396 1700 incerto

101 1727 193 1760 erat.
241 1720 415 1770 Denique
443 1720 621 1759 omnibus
649 1719 782 1759 labore
813 1726 851 1759 et
871 1724 978 1758 aestu
1008 1719 1197 1769 languidis
1223 1716 1430 1759 Metellus3

103 1776 167 1814 ubi
189 1776 290 1815 videt
311 1775 493 1814 Numidas
513 1777 638 1814 minus
659 1777 820 1819 instare,
852 1775 1033 1825 paulatim
1056 1774 1194 1812 milites
1216 1773 1254 1811 in
1276 1783 1397 1811 unum

55 1842 88 1867 ευ
103 1831 293 1876 conducit,
325 1831 478 1870 ordines
508 1832 671 1869 restituit
697 1835 734 1869 et
767 1830 934 1869 cohortis
959 1830 1188 1879 legionarias
1218 1832 1397 1878 quattuor

101 1886 307 1925 advorsum
338 1886 486 1936 pedites
520 1887 688 1924 hostium
719 1885 903 1924 conlocat.
961 1885 1106 1923 Eorum
1139 1895 1277 1934 magna
1307 1893 1397 1932 pars

100 1941 366 1991 superioribus
393 1940 487 1979 locis
512 1941 610 1980 sessa
633 1941 870 1980 consederat.
917 1940 1037 1979 Simul
1058 1951 1170 1979 orare
1193 1944 1231 1978 et
1250 1938 1398 1977 hortari
1413 1951 1432 1980 4

101 1995 241 2036 milites
258 2008 305 2035 ne
324 1996 533 2035 deficerent
553 2008 628 2035 neu
649 2001 873 2046 paterentur
889 1996 1008 2035 hostis
1026 1996 1204 2046 fugientis
1220 1995 1394 2033 vincere:

101 2063 226 2103 neque
250 2051 322 2090 illis
352 2056 475 2089 castra
507 2063 590 2091 esse
619 2064 744 2102 neque
767 2052 1044 2089 munimentum
1066 2050 1199 2094 ullum,
1232 2061 1308 2100 quo
1334 2062 1396 2088 ce-

54 2116 87 2142 35
102 2107 237 2145 dentes
263 2106 483 2145 tenderent:
503 2107 540 2145 in
578 2108 695 2145 armis
733 2109 857 2145 omnia
892 2107 974 2145 sita.
1040 2107 1105 2144 Set
1134 2118 1182 2144 ne
1213 2105 1431 2154 iugurthaf)

102 2162 257 2212 quidem
287 2163 433 2200 interea
463 2161 614 2211 quietus
644 2167 750 2200 erat:
779 2163 982 2200 circumire
1009 2161 1154 2200 hortari
1168 2161 1186 2205 ‚⁶
1210 2172 1398 2199 renovare

101 2216 290 2266 proelium
321 2222 358 2255 et
386 2217 467 2266 ipse
495 2228 582 2255 cum
611 2217 767 2256 delectis
796 2222 985 2267 temptare
1015 2218 1164 2255 omnia:
1195 2215 1399 2255 subvenire

102 2272 194 2314 suis,
211 2271 385 2310 hostibus
408 2271 533 2310 dubiis
553 2273 707 2315 instare,
731 2284 825 2322 quos
846 2274 977 2310 firmos
1000 2276 1231 2322 cognoverat
1250 2273 1396 2309 emino:
