1537 2512
330 85 385 111 nn
414 84 550 112 BELLo
581 84 845 111 lvovssrnmo
874 84 908 111 c.
939 79 996 113 63.
1025 79 1081 113 64.
1305 74 1356 110 77

167 182 234 223 Set
265 183 296 222 is
325 187 438 222 natus
469 187 506 222 et
538 194 691 221 omnem
723 183 927 233 pueritiam
965 183 1098 232 Arpini
1133 182 1249 227 altus,
1287 182 1388 225 ubi3

53 239 225 290 primum
243 242 346 277 aetas
375 236 528 276 militiae
549 238 698 288 patiens
717 239 798 282 suit,
825 237 1022 288 stipendiis
1044 237 1244 281 faciundis,
1276 250 1354 277 non

55 293 204 334 Graeca
231 292 409 332 facundia
429 304 556 344 neque
577 292 737 332 urbanis
757 293 953 333 munditiis
973 304 1058 331 sese
1082 294 1274 331 exercuit:
1305 295 1355 332 ita

54 349 155 388 inter
184 349 275 388 artis
303 347 426 386 bonas
447 349 640 398 integrum
670 349 869 398 ingenium
898 348 1006 387 brevi
1032 347 1204 387 adolevit.
1251 349 1388 399 Ergo-1

26 403 122 444 subi
144 404 312 454 primum
331 402 569 444 tribunatum
589 403 793 443 militarem
815 416 836 443 a
857 402 1000 455 populo
1021 403 1136 454 petit,
1159 402 1354 454 plerisque

54 459 192 498 faciem
219 459 302 497 eius
326 458 593 508 ignorantibus
623 459 732 498 sactis
751 464 866 498 notus
894 470 965 509 per
996 459 1120 497 omnis
1145 458 1269 497 tribus
1288 459 1353 498 de-

55 513 236 553 claratur.
290 513 436 553 Deinde
471 513 518 552 ab
549 526 594 553 co
615 515 840 564 magistratu
875 513 992 553 alium
1021 518 1109 563 post
1137 513 1255 553 alium
1283 514 1389 554 sibit)

53 570 223 620 peperit,
262 580 492 619 semperque
531 570 569 607 in
599 570 850 619 potestatibus
884 581 929 608 eo
957 569 1072 607 modo
1104 569 1282 618 agitabat,
1316 575 1358 609 ut

54 624 240 675 ampliore
265 635 380 675 quam
399 624 560 674 gerebat
581 625 720 674 dignus
745 625 968 664 haberetur.
1015 624 1161 663 Tamen
1192 625 1224 662 is
1245 624 1292 663 ad
1317 625 1388 667 ide

5 690 42 719 ιο
53 679 230 719 locorum
250 678 336 718 talis
355 680 411 718 vir
441 701 485 707 —
515 692 604 719 nam
636 685 768 730 postea
789 680 997 719 ambitione
1024 691 1213 730 praeceps
1243 679 1356 719 datus

53 738 112 774 est
141 757 203 780 —,
223 737 465 775 consulatum
487 735 668 785 adpetere
698 747 774 774 non
804 735 982 775 audebat.
1031 735 1237 774 Etiamtum
1261 734 1355 774 alios

51 791 298 841 magistratus
316 789 461 841 plebes,
493 790 733 830 consulatum
753 790 931 830 nobilitas
948 791 1049 829 inter
1071 802 1111 830 se
1131 801 1202 840 per
1218 802 1355 830 manus

51 845 238 885 tradebat.
280 844 406 884 Novos
428 857 542 885 nemo
564 850 640 884 tam
666 846 792 885 clarus
811 858 938 897 neque
957 850 1035 885 tam
1057 847 1221 896 egregiis
1245 845 1353 885 factis
1369 855 1387 884 7

54 905 155 945 erat,
175 902 266 952 quin
285 902 317 939 is
331 901 511 951 indignus
526 901 589 940 illo
607 901 754 941 honore
771 907 807 941 et
823 902 930 953 quasi
945 901 1114 952 pollutus
1130 901 1351 940 haberetur.

7 969 41 997 15
142 955 264 1008 Igitur
279 955 347 995 ubi
362 956 505 995 Marius
521 957 736 1007 haruspicis
756 957 855 996 dicta
877 957 1012 996 eodem
1029 957 1229 996 intendere
1253 956 1354 995 videt
1370 955 1418 994 64

53 1023 130 1063 quo
151 1011 291 1062 cupido
312 1013 427 1050 animi
448 1011 687 1056 hortabatur,
707 1012 753 1051 ab
772 1012 922 1052 Metello
942 1012 1102 1062 petundi
1122 1012 1242 1062 gratia
1263 1012 1352 1051 mis-

52 1067 200 1106 sionem
230 1072 355 1117 rogat.
416 1067 483 1106 Cui
522 1079 755 1118 quamquam
784 1069 904 1107 virtus
933 1068 1054 1118 gloria
1085 1067 1156 1106 alia
1186 1067 1352 1116 optanda

51 1121 165 1161 honis
193 1121 440 1172 superabant,
465 1127 591 1161 tamen
620 1124 744 1162 inerat
775 1127 1018 1173 contemptor
1043 1123 1192 1161 animus
1223 1127 1259 1160 et
1289 1133 1351 1161 su-

52 1177 207 1228 perbia,
232 1189 436 1216 commune
452 1177 657 1217 nobilitatis
674 1178 830 1217 malum.
895 1179 1029 1231 ltaque
1059 1178 1231 1228 primum
1261 1184 1386 1214 con-2

5 1244 40 1272 ιο
51 1238 180 1273 motus
209 1232 365 1272 insolita
402 1245 446 1271 re
476 1234 610 1273 mirari
632 1235 712 1272 eius
735 1233 955 1278 consihum‚
977 1238 1014 1272 et
1035 1235 1142 1283 quasi
1166 1243 1236 1282 per
1260 1233 1352 1270 ami—

53 1289 177 1327 citiam
207 1299 367 1327 monere
392 1299 442 1327 ne
470 1293 548 1326 tam
575 1300 691 1338 prava
717 1290 905 1339 inciperet
924 1301 1001 1329 neu
1020 1299 1136 1338 super
1157 1287 1354 1326 fortunam

51 1344 223 1382 animum
244 1348 417 1394 gereret:
439 1355 516 1382 non
539 1345 664 1382 omnia
686 1344 864 1383 omnibus
881 1344 1073 1395 cupiunda
1090 1355 1189 1388 esse,
1210 1342 1353 1382 debere

50 1397 104 1437 illi
134 1410 197 1438 res
225 1409 314 1437 suas
344 1400 435 1437 satis
469 1398 643 1448 placere:
683 1404 879 1449 postremo
911 1404 1064 1438 caveret
1101 1399 1137 1437 id
1168 1403 1301 1449 petere
1331 1410 1351 1437 a

50 1453 194 1504 populo
220 1453 416 1498 Romano,
447 1454 548 1504 quod
579 1453 631 1492 illi
660 1455 743 1494 iure
764 1460 983 1505 negaretur.
1026 1454 1234 1504 Postquam
1257 1453 1386 1493 haec3

4 1523 38 1550 2⁵
52 1514 167 1560 atque
194 1508 267 1548 alia
284 1509 371 1548 talia
394 1509 487 1548 dixit
508 1521 633 1559 neque
650 1511 800 1549 animus
821 1510 915 1548 Mari
936 1510 1123 1554 flectitur,
1152 1509 1353 1558 respondit

51 1564 119 1604 ubi
134 1565 302 1616 primum
318 1565 505 1615 potuisset
519 1576 589 1614 per
606 1566 757 1615 negotia
773 1565 926 1615 publica
944 1565 1135 1604 facturum
1154 1576 1238 1604 sese
1255 1575 1352 1614 quae

50 1624 212 1670 peteret.
257 1620 311 1658 Ac
330 1624 463 1670 postea
486 1621 638 1670 saepius
660 1621 793 1659 eadem
817 1620 1023 1670 postulanti
1045 1620 1167 1659 fertur
1188 1620 1384 1659 dixisse:4

50 1686 101 1714 ne
125 1675 325 1715 festinaret
345 1674 472 1714 abire:
499 1677 589 1714 satis
617 1681 767 1715 mature
799 1675 905 1715 illum
935 1688 1022 1715 cum
1053 1676 1129 1714 filio
1159 1687 1228 1714 suo
1259 1686 1350 1713 con-

51 1729 217 1770 sulatum
246 1732 467 1781 petiturum.
515 1730 550 1768 ls
574 1742 619 1770 eo
641 1735 816 1781 tempore
847 1731 1100 1770 contubernio
1131 1731 1250 1780 patris
1280 1730 1350 1768 ibi-

5 1799 41 1827 ιο
54 1786 142 1825 dem
169 1785 374 1830 militabat,
403 1797 524 1825 annos
552 1791 663 1825 natus
693 1787 845 1825 circiter
863 1788 1003 1837 viginti.
1064 1786 1169 1831 Quae
1190 1797 1254 1824 res
1273 1785 1350 1824 Ma·

49 1842 152 1880 rium
183 1853 271 1880 cum
301 1853 373 1891 pro
402 1840 553 1880 honore
605 1853 719 1892 quem
741 1842 975 1886 adfectabat,
1008 1846 1089 1880 turn
1115 1846 1247 1879 contra
1272 1840 1350 1879 Me-

49 1895 183 1936 tellum
204 1896 452 1936 vehementer
472 1896 716 1935 adcenderat.
760 1897 814 1936 lta
837 1898 1014 1947 cupidine
1036 1902 1150 1947 atque
1169 1898 1238 1940 ira,
1263 1906 1350 1946 pes·
1365 1904 1385 1935 5

51 1953 170 1992 sumis
191 1950 487 1996 consultoribus,
510 1953 687 2001 grassari,
721 1963 846 2003 neque
869 1954 968 1991 sacto
997 1951 1074 1991 ullo
1100 1963 1225 2002 neque
1247 1951 1348 1990 dicto

52 2007 265 2053 abstinere,
296 2007 400 2058 quod
428 2007 543 2046 modo
574 2007 816 2047 ambitiosum
841 2009 959 2053 soret,
991 2007 1129 2046 milites
1151 2005 1290 2058 quibus
1311 2007 1350 2045 in

6 2061 226 2103 ashibernis
245 2068 424 2113 praeerat
444 2062 589 2102 laxiore
599 2065 761 2113 imperio
784 2075 898 2113 quam
919 2069 1030 2102 antea
1056 2062 1220 2107 habere,
1249 2061 1351 2112 apud

52 2119 323 2168 negotIatores,
351 2130 518 2169 quorum
547 2130 684 2169 magna
711 2118 913 2158 multitudo
938 2119 1068 2158 Uticae
1099 2123 1199 2164 erat,
1222 2118 1350 2156 crimi-

53 2183 148 2212 nose
172 2172 284 2213 simul
306 2179 343 2214 et
362 2174 563 2225 magnifice
583 2174 630 2213 de
649 2174 750 2214 bello
771 2174 893 2224 loqui:
920 2175 1072 2213 dimidia
1094 2186 1184 2224 pars
1205 2173 1350 2212 exerci-

53 2232 117 2268 tus
132 2229 164 2268 si
178 2228 249 2268 sibi
268 2231 570 2280 permitteretur,
591 2231 723 2281 paucis
745 2230 879 2269 dicbus
902 2230 1125 2280 Iugurtham
1148 2231 1184 2268 in
1207 2228 1350 2267 catenis
