1537 2512
102 74 126 111 6
269 83 324 107 m:
354 80 582 108 enimn-An
613 78 929 107 CONIVRATIONE
959 78 996 105 e.
1018 74 1072 106 10.
1094 73 1150 106 11.
1176 71 1229 106 12.

66 182 275 232 4Namque
305 180 461 219 avaritia
494 178 609 218 fidem
637 177 870 228 probitatem
900 182 1126 227 ceterasque
1156 177 1248 215 artis
1278 175 1400 215 bonas

101 236 311 277 subvortit:
339 247 412 285 pro
433 235 492 273 his
522 233 746 284 superbiam
768 232 1053 276 crudelitatem,
1075 231 1168 271 deos
1182 230 1402 282 neglegere,

67 300 87 332 5
102 293 231 332 omnia
250 290 398 330 venalia
417 289 564 329 habere
587 289 750 328 edocuit.
789 288 955 327 Ambitio
976 287 1118 327 multos
1137 286 1311 326 mortalis
1331 286 1400 326 ral-

101 359 165 387 sos
186 347 271 386 fieri
293 346 464 395 subegit,
499 344 600 384 aliud
622 343 793 382 clausum
816 344 854 382 in
876 348 1053 394 pectore,
1086 342 1188 382 aliud
1209 343 1248 381 in
1270 341 1399 392 lingua

101 407 326 454 promptum
346 401 511 445 habere,
534 400 718 439 amicitias
737 400 1029 449 inimicitiasque
1050 409 1129 437 non
1149 410 1196 437 ex
1211 409 1255 436 re
1276 404 1334 437 set
1353 410 1398 437 ex
1414 414 1431 439 5

103 457 307 497 commodo
328 461 545 496 aestumare
589 455 788 505 magisque
808 453 953 492 voltum
976 465 1091 505 quam
1111 453 1309 503 ingenium
1329 452 1400 492 bo-

69 517 91 551 6
104 525 198 553 num
218 512 377 551 habere.
410 512 515 551 Haec
536 511 661 562 primo
681 510 864 560 paulatim
887 521 1082 553 crescere,
1106 508 1300 548 interdum
1319 509 1400 547 vin-

103 569 244 608 dicari:
274 573 382 618 post,
412 567 479 606 ubi
509 567 686 615 contagio
715 566 823 615 quasi
843 564 1057 614 pestilentia
1086 565 1243 608 invasit,
1272 565 1403 602 civitas

104 626 309 668 inmutata,
364 623 562 673 imperium
585 634 634 660 ex
655 622 873 659 iustissumo
921 624 1036 670 atque
1057 625 1216 670 optumo
1243 618 1400 658 crudele

43 682 87 720 11
106 678 469 728 intolerandumque
491 678 646 716 factum.
707 677 773 715 Set
797 677 923 726 primo
950 676 1073 724 magis
1102 673 1258 714 ambitio
1289 685 1404 725 quam
1419 690 1451 716 ιο

105 735 261 776 avaritia
277 735 425 773 animos
445 734 646 772 hominum
663 730 879 775 exercebat,
902 731 1004 781 quod
1022 736 1150 770 tamen
1167 730 1298 769 vitium
1313 741 1404 780 pro-

70 799 91 830 2
105 792 191 843 pius
215 790 395 829 virtutem
417 794 510 828 erat.
551 788 647 827 Nam
672 787 833 836 gloriam
853 786 1259 836 honoremimperium
1279 784 1407 824 bonus

105 852 143 885 et
163 847 322 895 ignavos
343 857 467 896 aeque
490 844 562 883 sibi
583 847 776 894 exoptant,
799 846 857 880 set
876 841 939 880 ille
963 854 1054 880 vera
1075 843 1131 880 via
1147 841 1293 884 nititur,
1316 839 1408 879 huic

106 903 194 953 quia
224 901 351 940 bonae
381 906 484 940 artes
514 900 670 942 desunt,
709 897 806 937 dolis
843 902 957 948 atque
999 897 1157 936 fallaciis
1195 895 1403 934 contendit.

71 957 268 997 3Avaritia
297 957 485 1007 pecuniae
505 955 675 994 studium
694 953 828 997 habet,
859 964 974 1003 quam
997 963 1113 992 nemo
1137 952 1291 1002 sapiens
1314 962 1406 990 con·
1421 967 1452 993 ιε.

107 1013 266 1063 cupivit:
295 1023 337 1050 ea
371 1013 479 1063 quasi
507 1011 665 1050 venenis
694 1009 803 1048 malis
833 1008 966 1047 inbuta
995 1019 1137 1058 corpus
1158 1008 1408 1057 animumque

105 1067 254 1107 virilem
272 1067 477 1111 effeminat,
496 1077 650 1115 semper
666 1064 810 1103 infinita
825 1063 1049 1103 insatiabilis
1067 1068 1134 1106 est,
1154 1074 1280 1113 neque
1298 1063 1406 1112 copia

71 1130 94 1162 4
109 1135 235 1174 neque
253 1124 381 1174 inopia
398 1123 595 1161 minuitur.
629 1120 695 1160 Set
712 1124 916 1171 postquam
932 1120 975 1159 L.
995 1118 1097 1158 Sulla
1121 1119 1237 1157 armis
1252 1122 1408 1168 recepta

105 1191 149 1218 re
170 1178 325 1229 publica
347 1178 458 1216 bonis
478 1178 592 1216 initiis
612 1176 734 1215 malos
756 1179 914 1215 eventus
937 1175 1089 1218 habuit,
1113 1185 1252 1225 rapere
1274 1183 1409 1212 omnes

105 1234 284 1279 trahere,
316 1234 476 1273 domum
505 1233 601 1271 alius
629 1231 724 1271 alius
755 1242 869 1281 agros
898 1243 1060 1281 cupere,
1092 1242 1218 1281 neque
1249 1229 1454 1272 modum20

105 1301 233 1341 neque
254 1289 483 1329 modestiam
498 1289 663 1327 victores
683 1287 850 1331 habere,
869 1286 981 1325 foeda
998 1285 1246 1335 crudeliaque
1264 1286 1299 1323 in
1319 1284 1410 1323 civis

71 1354 92 1386 5
110 1345 280 1384 facinora
305 1344 445 1384 facere.
491 1344 575 1383 Huc
598 1342 811 1382 adcedebat
862 1343 965 1392 quod
990 1341 1032 1380 L.
1057 1341 1159 1380 Sulla
1182 1341 1408 1384 exercitum,

107 1413 223 1451 quem
252 1401 291 1439 in
329 1400 417 1439 Asia
447 1400 688 1443 ductaverat,
729 1410 804 1449 quo
833 1397 905 1436 sibi
938 1398 1056 1437 fidum
1085 1397 1242 1440 faceret,
1275 1400 1410 1434 contra

106 1468 256 1495 morem
286 1457 478 1495 maiorum
511 1455 708 1494 luxuriose
744 1454 934 1504 nimisque
964 1452 1175 1492 liberaliter
1205 1451 1408 1490 habuerat.

102 1514 201 1553 Loca
219 1525 380 1552 amoena
396 1511 608 1561 voluptaria
631 1509 740 1562 facile
762 1510 799 1547 in
819 1509 894 1547 otio
916 1508 1056 1547 ferocis
1077 1507 1239 1546 militum
1262 1508 1455 1546 animosa

72 1567 359 1609 &molliverant
406 1566 462 1606 Ibi
487 1567 656 1617 primum
681 1565 845 1604 insuevit
871 1565 1064 1603 exercitus
1090 1562 1226 1613 populi
1247 1562 1411 1602 Romani

106 1635 237 1662 amare
267 1627 415 1673 potare,
441 1623 549 1671 signa
570 1620 720 1660 tabulas
741 1621 861 1670 pictas
891 1631 978 1658 vasa
1010 1619 1153 1658 caelata
1183 1618 1338 1662 mirari,
1366 1630 1410 1657 ea

107 1679 283 1728 privatim
307 1682 344 1717 et
363 1677 518 1729 publice
538 1689 696 1728 rapere,
728 1675 890 1715 delubra
924 1675 1111 1726 spoliare,
1143 1685 1252 1713 sacra
1280 1674 1410 1724 prosa-

74 1740 91 1770 7
110 1745 237 1784 naque
260 1735 387 1772 omnia
413 1733 598 1784 polluere.
633 1733 751 1781 Igitur
773 1732 807 1770 ei
827 1731 964 1770 milites
987 1735 1192 1781 postquam
1213 1730 1410 1767 victoriam

72 1797 93 1830 8
108 1789 234 1839 adepti
254 1794 354 1833 sunt,
376 1788 470 1827 nihil
493 1788 626 1827 relicui
648 1789 754 1826 victis
777 1788 916 1826 secere.
958 1787 1108 1835 Quippe
1131 1784 1324 1824 secundae
1345 1796 1410 1824 res
1425 1799 1459 1826 so

108 1845 339 1895 sapientium
363 1846 511 1883 animos
541 1843 719 1893 fatigant:
751 1855 800 1882 ne
829 1842 880 1881 illi
912 1842 1112 1891 conruptis
1134 1840 1310 1879 moribus
1338 1841 1412 1879 vic·

44 1899 91 1938 12
109 1900 229 1939 toriae
250 1904 525 1950 temperarent.
564 1899 771 1949 Postquam
801 1898 950 1937 divitiae
972 1897 1111 1935 honori
1138 1908 1221 1934 esse
1246 1907 1413 1946 coepere

109 1959 147 1995 et
169 1967 233 1994 eas
254 1955 372 2004 gloria
387 1956 592 2006 imperium
613 1955 782 2004 potentia
807 1952 1062 2004 sequebatur,
1094 1951 1306 1990 hebescere
1337 1951 1413 1989 vir-

108 2015 189 2054 tus,
221 2016 429 2059 paupertas
449 2010 596 2054 probro
623 2009 776 2053 haberi.
812 2010 1027 2048 innocentia
1054 2019 1126 2059 pro
1156 2006 1411 2046 malivolentia

76 2074 96 2106 2
113 2063 197 2103 duci
222 2065 368 2118 coepit.
401 2065 524 2117 Igitur
542 2076 587 2104 ex
605 2066 741 2105 divitiis
761 2066 998 2104 iuventutem
1015 2063 1166 2103 luxuria
1189 2067 1304 2113 atque
1325 2073 1412 2101 ava·
1426 2077 1460 2104 ss

108 2124 193 2161 ritia
223 2134 310 2161 cum
336 2123 519 2173 superbia
549 2123 742 2161 invasere:
769 2133 908 2171 rapere
934 2130 1176 2161 consumere,
1209 2128 1277 2156 sua
1303 2118 1414 2168 parvi
1444 2159 1446 2161 ,

109 2177 281 2229 pendere
307 2177 429 2216 aliena
462 2189 625 2227 cupere:
650 2176 840 2226 pudorem
867 2175 1108 2226 pudicitiam,
1140 2173 1266 2211 divina
1297 2178 1413 2223 atque

75 2243 94 2275 3
109 2233 274 2272 humana
294 2234 528 2284 promiscua,
546 2231 638 2270 nihil
657 2232 765 2282 pensi
782 2243 907 2282 neque
924 2230 1110 2269 moderati
1128 2227 1286 2267 habere.
1312 2227 1414 2279 Ope·

1530 2039 1537 2158 ἒ
