1537 2512
435 101 488 127 Ex
519 100 737 128 HISTORIIS
767 101 1029 129 EXCERPTAR.
1306 93 1376 130 ῙῙῙ

83 198 150 238 tati
180 204 293 249 atque
322 198 434 236 etiam
463 198 674 248 praesidio,
707 204 833 238 tamen
867 211 945 238 non
974 200 1045 239 suit
1076 199 1278 239 consilium
1302 202 1381 251 pri-

82 259 186 292 vatas
216 264 309 303 opes
341 252 489 298 facere,
533 254 736 304 potiorque
770 255 846 294 visa
883 259 940 294 est
968 254 1185 305 periculosa
1222 254 1380 294 libertas

85 309 213 359 quieto
234 307 400 346 servitio.
435 307 541 353 Quae
566 309 597 347 si
616 308 800 358 probatis
828 311 969 354 adeste,
1002 309 1189 355 Quirites,
1218 316 1255 349 et
1280 310 1380 350 benc
1403 320 1447 352 27

84 362 300 402 iuvantibus
326 363 420 401 divis
448 363 496 402 M.
524 363 725 402 Aemilium
753 365 951 404 consulem
969 365 1106 405 ducem
1123 370 1159 404 et
1181 371 1379 404 auctorem

35 432 52 459 ⁵
83 419 285 470 sequimini
313 418 360 457 ad
389 419 654 469 recipiundam
677 419 905 459 libertatem.

413 540 545 580 Oratio
573 542 750 591 Phihppi
779 544 819 580 in
848 545 1049 581 sententia.

192 639 369 680 Maxume
391 641 537 686 vellem,
560 650 689 693 patres
710 642 927 691 conscripti,
955 654 1038 681 rem
1060 641 1254 692 publicam
1271 643 1378 693 quie·
1406 649 1423 681 1

36 699 159 735 iotam
183 707 267 735 esse
295 701 360 735 aut
387 697 426 735 in
459 697 639 747 periculis
666 709 686 735 a
709 698 1008 747 promptissumo
1035 709 1188 748 quoque
1209 696 1376 741 defendi,

81 751 246 802 denique
272 763 386 801 prava
409 752 560 802 incepta
583 751 869 791 consultoribus
884 763 1007 791 noxae
1031 764 1127 791 esse.
1158 752 1224 791 Set
1244 757 1378 790 contra

79 806 332 845 seditionibus
358 807 484 845 omnia
511 806 662 846 turbata
691 813 800 851 sunt,
833 812 868 845 et
898 807 944 845 ab
970 808 1024 846 eis
1050 819 1147 858 quos
1170 806 1378 857 prohibero

80 862 202 911 magis
231 861 411 906 decebat,
442 867 640 912 postremo
671 874 768 913 quae
798 864 968 912 pessumi
998 867 1036 901 et
1065 862 1290 901 stultissumi
1311 862 1377 901 de-

80 928 259 961 crevere,
291 929 335 956 ea
365 916 476 956 bonis
506 923 543 956 et
574 917 810 968 sapientibus
840 917 1016 956 faciunda
1047 923 1146 956 sunt.
1176 917 1272 956 Nam
1296 916 1376 956 bel·
1401 926 1422 955 2

33 971 159 1012 ulum
190 978 304 1023 atque
333 984 458 1017 arma,
487 985 719 1024 quamquam
745 972 852 1010 vobis
882 973 1012 1017 invisa,
1042 977 1169 1011 tamen
1194 973 1281 1023 quia
1305 972 1376 1011 Le·

79 1027 169 1078 pido
198 1027 370 1078 placent,
408 1028 598 1066 sumunda
629 1033 735 1066 sunt:
773 1029 845 1065 nisi
882 1027 979 1066 sorte
1011 1029 1071 1066 cui
1100 1039 1235 1077 pacem
1264 1038 1377 1077 prae-

79 1087 183 1121 stare
212 1088 248 1122 et
275 1082 419 1122 bellum
442 1084 518 1133 pati
544 1082 746 1122 consilium
767 1089 835 1121 est.
868 1083 943 1121 Pro
970 1083 1031 1121 dei
1051 1082 1164 1127 boni,
1189 1083 1253 1133 qui
1277 1082 1377 1121 hanc
1400 1087 1422 1120 3

79 1137 218 1177 urbem
245 1139 382 1176 amissa
414 1139 517 1176 curia
549 1139 675 1177 adhuc
705 1139 850 1188 tegitis,
890 1137 938 1175 M.
970 1137 1173 1182 Aemilius,
1206 1138 1376 1176 omnium

79 1192 356 1242 flagitiosorum
387 1198 626 1243 postremus,
659 1195 723 1244 qui
752 1194 860 1243 peior
883 1204 930 1231 an
962 1194 1133 1242 ignavior
1154 1194 1201 1231 sit
1231 1192 1375 1231 delibe-

31 1259 65 1286 20
77 1250 157 1287 rari
185 1260 263 1287 non
291 1253 429 1299 potest,
462 1249 673 1287 exercitum
696 1247 975 1297 obprimundae
996 1247 1183 1286 libertatis
1205 1247 1319 1286 habet
1340 1252 1377 1286 et

76 1315 117 1343 se
138 1315 158 1342 e
186 1308 406 1353 contempto
429 1303 679 1342 metuendum
710 1304 851 1342 effecit:
877 1314 941 1341 vos
958 1307 1174 1342 mussantes
1196 1308 1232 1341 et
1252 1307 1376 1341 retra-

77 1364 223 1398 ctantes
252 1357 379 1398 verbis
416 1364 452 1397 et
488 1364 616 1397 vatum
657 1358 892 1397 carminibus
922 1370 1058 1407 pacem
1088 1359 1226 1407 optatis
1254 1358 1375 1405 magis

77 1425 192 1464 quam
209 1413 411 1452 defenditis
435 1425 561 1464 neque
584 1413 801 1463 intellegitis
823 1413 978 1452 mollitia
1004 1413 1250 1452 decretorum
1270 1411 1377 1450 vobis

77 1469 319 1519 dignitatem,
357 1468 408 1507 illi
436 1473 582 1508 metum
615 1469 774 1508 detrahi.
832 1470 956 1519 Atque
986 1468 1022 1506 id
1052 1469 1154 1512 iure,
1195 1468 1375 1518 quoniam
1399 1473 1420 1504 4

31 1535 123 1564 zsex
162 1525 305 1574 rapinis
350 1523 610 1569 consulatum,
656 1524 704 1562 ob
742 1523 967 1562 seditionem
1008 1523 1243 1573 provinciam
1288 1534 1376 1560 cum

73 1578 248 1616 exercitu
278 1576 440 1626 adeptus
471 1583 541 1616 est.
609 1576 709 1622 Quid
739 1575 803 1615 ille
841 1575 892 1614 ob
929 1576 1029 1617 bene
1067 1577 1168 1616 sacta
1206 1577 1384 1628 cepisset,

72 1634 182 1671 cuius
212 1631 427 1672 sceleribus
457 1637 563 1671 tanta
592 1633 766 1683 praemia
798 1631 1012 1671 tribuistis?
1047 1634 1095 1672 At
1125 1631 1274 1672 scilicet
1304 1644 1384 1677 eos,
1403 1640 1423 1673 5

72 1688 135 1739 qui
164 1688 212 1728 ad
241 1692 484 1739 postremum
521 1700 647 1739 usque
676 1687 844 1737 legatos,
888 1699 1024 1738 pacem
1063 1688 1312 1727 concordiam
1345 1693 1384 1726 et

72 1743 146 1782 alia
174 1744 338 1783 huiusce
367 1743 473 1782 modi
504 1743 780 1788 decreverunt,
819 1744 983 1793 gratiam
1014 1743 1062 1782 ab
1089 1756 1135 1782 eo
1165 1743 1380 1794 peperisse.

0 1798 193 1838 *aolmmo
224 1799 396 1850 despecti
428 1806 466 1838 et
495 1799 643 1849 indigni
679 1811 722 1837 re
752 1797 906 1849 publica
938 1798 1060 1838 habiti
1097 1798 1265 1850 praedae
1295 1797 1382 1836 loco

5 1883 10 1885 -
71 1859 357 1899 aestumantur,
396 1855 538 1905 quippe
575 1859 679 1893 metu
712 1865 846 1903 pacem
878 1859 1123 1904 repetentes,
1164 1865 1240 1904 quo
1274 1852 1380 1892 habi-

70 1916 149 1948 tam
172 1911 398 1949 amiserant.
453 1908 641 1960 Equidem
666 1921 684 1947 a
710 1909 922 1960 principio,
949 1921 1036 1948 cum
1062 1909 1258 1948 Etruriam
1291 1920 1382 1948 con·
1401 1913 1424 1949 6

69 1966 222 2010 iurare,
262 1966 505 2016 proscriptos
543 1964 710 2009 accersi,
750 1963 1023 2014 largitionibus
1062 1976 1146 2003 rem
1185 1963 1383 2014 publicam

76 2021 239 2061 lacerari
271 2020 458 2069 videbam,
498 2020 770 2059 maturandum
799 2019 982 2069 putabam
1010 2024 1047 2057 ct
1067 2017 1188 2057 Catuli
1219 2016 1375 2055 consilia

30 2085 165 2116 :mcum
195 2077 327 2126 paucis
353 2081 508 2115 secutus
534 2087 632 2114 sum.
657 2074 835 2113 Ceterum
859 2073 924 2120 illi,
966 2075 1029 2124 qui
1047 2073 1170 2123 gentis
1191 2071 1374 2111 Aemiliae

74 2129 177 2171 bene
205 2132 300 2170 facta
326 2130 558 2170 extollebant
574 2136 611 2169 et
632 2129 871 2180 ignoscundo
892 2128 1023 2179 populi
1047 2128 1207 2167 Romani
1227 2127 1373 2176 magni-

76 2187 247 2226 tudinem
271 2187 434 2231 aunsse,
465 2197 655 2237 nusquam
687 2186 883 2224 etiamtum
916 2184 1099 2233 Lepidum
1122 2192 1373 2233 progressum

76 2241 241 2286 aiebant,
273 2254 358 2281 cum
381 2243 525 2292 privata
556 2253 661 2280 arma
685 2239 962 2289 obpriinundae
984 2238 1169 2277 libertatis
1190 2237 1372 2287 cepisset:
