<?xml version="1.0" encoding="UTF-8"?>
<!DOCTYPE html PUBLIC "-//W3C//DTD XHTML 1.0 Transitional//EN"
    "http://www.w3.org/TR/xhtml1/DTD/xhtml1-transitional.dtd">
<html xmlns="http://www.w3.org/1999/xhtml" xml:lang="en" lang="en">
 <head>
  <title>
</title>
<meta http-equiv="Content-Type" content="text/html;charset=utf-8" />
  <meta name='ocr-system' content='tesseract 3.04.00' />
  <meta name='ocr-capabilities' content='ocr_page ocr_carea ocr_par ocr_line ocrx_word'/>
</head>
<body>
  <div class='ocr_page' id='page_1' title='image "./libridecatilinae00salluoft_0095.png"; bbox 0 0 1537 2512; ppageno 0'>
   <div class='ocr_carea' id='block_1_1' title="bbox 286 95 1361 135">
    <p class='ocr_par' dir='ltr' id='par_1_1' title="bbox 286 95 1361 135">
     <span class='ocr_line' id='line_1_1' title="bbox 286 95 1361 135; baseline -0.001 -2"><span class='ocrx_word' id='word_1_1' title='bbox 286 107 343 133; x_wconf 69' lang='grc' dir='ltr'>ΒΕ</span> <span class='ocrx_word' id='word_1_2' title='bbox 373 103 511 133; x_wconf 71' lang='lat' dir='ltr'>BELLO</span> <span class='ocrx_word' id='word_1_3' title='bbox 542 106 808 134; x_wconf 66' lang='lat' dir='ltr'>wovnrnmo</span> <span class='ocrx_word' id='word_1_4' title='bbox 842 106 877 133; x_wconf 85' lang='lat' dir='ltr'>e.</span> <span class='ocrx_word' id='word_1_5' title='bbox 909 100 966 135; x_wconf 83' lang='lat'>56.</span> <span class='ocrx_word' id='word_1_6' title='bbox 995 100 1049 135; x_wconf 78' lang='lat'>57.</span> <span class='ocrx_word' id='word_1_7' title='bbox 1082 101 1138 135; x_wconf 80' lang='lat'>58.</span> <span class='ocrx_word' id='word_1_8' title='bbox 1310 95 1361 132; x_wconf 85' lang='lat'>73</span> 
     </span>
    </p>
   </div>
   <div class='ocr_carea' id='block_1_2' title="bbox 23 204 1435 2296">
    <p class='ocr_par' dir='ltr' id='par_1_2' title="bbox 67 204 1398 255">
     <span class='ocr_line' id='line_1_2' title="bbox 67 204 1398 255; baseline 0.001 -12"><span class='ocrx_word' id='word_1_9' title='bbox 67 205 116 243; x_wconf 80' lang='lat' dir='ltr'>At</span> <span class='ocrx_word' id='word_1_10' title='bbox 143 204 218 249; x_wconf 88' lang='lat' dir='ltr'>ille,</span> <span class='ocrx_word' id='word_1_11' title='bbox 250 216 347 255; x_wconf 89' lang='lat' dir='ltr'>quae</span> <span class='ocrx_word' id='word_1_12' title='bbox 372 204 608 254; x_wconf 86' lang='lat' dir='ltr'>parabantur</span> <span class='ocrx_word' id='word_1_13' title='bbox 629 216 650 243; x_wconf 86' lang='lat' dir='ltr'>a</span> <span class='ocrx_word' id='word_1_14' title='bbox 679 205 850 255; x_wconf 85' lang='lat' dir='ltr'>perfugis</span> <span class='ocrx_word' id='word_1_15' title='bbox 875 205 1051 248; x_wconf 90' lang='lat' dir='ltr'>edoctus,</span> <span class='ocrx_word' id='word_1_16' title='bbox 1082 205 1230 254; x_wconf 85' lang='lat' dir='ltr'>magnis</span> <span class='ocrx_word' id='word_1_17' title='bbox 1253 204 1360 243; x_wconf 90' lang='lat' dir='ltr'>itine-</span> <span class='ocrx_word' id='word_1_18' title='bbox 1377 214 1398 244; x_wconf 77' lang='lat'>2</span> 
     </span>
    </p>

    <p class='ocr_par' dir='ltr' id='par_1_3' title="bbox 69 258 1362 310">
     <span class='ocr_line' id='line_1_3' title="bbox 69 258 1362 310; baseline -0.001 -12"><span class='ocrx_word' id='word_1_19' title='bbox 69 259 175 299; x_wconf 88' lang='lat' dir='ltr'>ribus</span> <span class='ocrx_word' id='word_1_20' title='bbox 192 259 386 299; x_wconf 87' lang='lat' dir='ltr'>Metellum</span> <span class='ocrx_word' id='word_1_21' title='bbox 402 261 609 298; x_wconf 76' lang='lat' dir='ltr'>antevenit:</span> <span class='ocrx_word' id='word_1_22' title='bbox 633 261 845 310; x_wconf 85' lang='lat' dir='ltr'>oppidanos</span> <span class='ocrx_word' id='word_1_23' title='bbox 865 259 1043 298; x_wconf 77' lang='lat' dir='ltr'>hortatur</span> <span class='ocrx_word' id='word_1_24' title='bbox 1060 260 1210 298; x_wconf 88' lang='lat' dir='ltr'>moenia</span> <span class='ocrx_word' id='word_1_25' title='bbox 1231 258 1362 298; x_wconf 80' lang='lat' dir='ltr'>defen·</span> 
     </span>
    </p>

    <p class='ocr_par' dir='ltr' id='par_1_4' title="bbox 71 314 1361 365">
     <span class='ocr_line' id='line_1_4' title="bbox 71 314 1361 365; baseline 0.002 -12"><span class='ocrx_word' id='word_1_26' title='bbox 71 315 172 359; x_wconf 88' lang='lat' dir='ltr'>dant,</span> <span class='ocrx_word' id='word_1_27' title='bbox 200 315 335 353; x_wconf 85' lang='lat' dir='ltr'>additis</span> <span class='ocrx_word' id='word_1_28' title='bbox 364 315 501 353; x_wconf 78' lang='lat' dir='ltr'>auxilio</span> <span class='ocrx_word' id='word_1_29' title='bbox 529 315 712 365; x_wconf 83' lang='lat' dir='ltr'>perfugIs,</span> <span class='ocrx_word' id='word_1_30' title='bbox 746 315 848 365; x_wconf 79' lang='lat' dir='ltr'>quod</span> <span class='ocrx_word' id='word_1_31' title='bbox 884 326 1004 365; x_wconf 85' lang='lat' dir='ltr'>genus</span> <span class='ocrx_word' id='word_1_32' title='bbox 1030 327 1076 353; x_wconf 84' lang='lat' dir='ltr'>ex</span> <span class='ocrx_word' id='word_1_33' title='bbox 1108 315 1226 364; x_wconf 86' lang='lat' dir='ltr'>copiis</span> <span class='ocrx_word' id='word_1_34' title='bbox 1247 314 1361 364; x_wconf 86' lang='lat' dir='ltr'>regis.</span> 
     </span>
    </p>

    <p class='ocr_par' dir='ltr' id='par_1_5' title="bbox 39 368 1363 475">
     <span class='ocr_line' id='line_1_5' title="bbox 69 368 1363 420; baseline -0.002 -11"><span class='ocrx_word' id='word_1_35' title='bbox 69 371 158 420; x_wconf 88' lang='lat' dir='ltr'>quia</span> <span class='ocrx_word' id='word_1_36' title='bbox 173 369 305 409; x_wconf 75' lang='lat' dir='ltr'>fallere</span> <span class='ocrx_word' id='word_1_37' title='bbox 327 369 521 420; x_wconf 79' lang='lat' dir='ltr'><strong>nequibat,</strong></span> <span class='ocrx_word' id='word_1_38' title='bbox 543 370 819 409; x_wconf 87' lang='lat' dir='ltr'>firmissumum</span> <span class='ocrx_word' id='word_1_39' title='bbox 834 376 930 409; x_wconf 84' lang='lat' dir='ltr'>erat:</span> <span class='ocrx_word' id='word_1_40' title='bbox 946 375 1145 420; x_wconf 86' lang='lat' dir='ltr'>praeterea</span> <span class='ocrx_word' id='word_1_41' title='bbox 1161 368 1363 419; x_wconf 77' lang='lat' dir='ltr'>poIIIcetur</span> 
     </span>
     <span class='ocr_line' id='line_1_6' title="bbox 39 426 954 475; baseline -0.002 -11"><span class='ocrx_word' id='word_1_42' title='bbox 39 426 106 464; x_wconf 73' lang='lat' dir='ltr'>sin</span> <span class='ocrx_word' id='word_1_43' title='bbox 137 430 310 475; x_wconf 89' lang='lat' dir='ltr'>tempore</span> <span class='ocrx_word' id='word_1_44' title='bbox 339 430 461 464; x_wconf 85' lang='lat' dir='ltr'>semet</span> <span class='ocrx_word' id='word_1_45' title='bbox 493 437 578 463; x_wconf 91' lang='lat' dir='ltr'>cum</span> <span class='ocrx_word' id='word_1_46' title='bbox 611 426 780 464; x_wconf 81' lang='lat' dir='ltr'>exercitu</span> <span class='ocrx_word' id='word_1_47' title='bbox 811 426 954 464; x_wconf 83' lang='lat' dir='ltr'>adfore.</span> 
     </span>
    </p>

    <p class='ocr_par' dir='ltr' id='par_1_6' title="bbox 67 478 1398 696">
     <span class='ocr_line' id='line_1_7' title="bbox 178 478 1398 530; baseline 0.002 -12"><span class='ocrx_word' id='word_1_48' title='bbox 178 480 234 519; x_wconf 87' lang='lat' dir='ltr'>Ita</span> <span class='ocrx_word' id='word_1_49' title='bbox 269 481 475 530; x_wconf 80' lang='lat' dir='ltr'>conpositis</span> <span class='ocrx_word' id='word_1_50' title='bbox 509 479 626 519; x_wconf 88' lang='lat' dir='ltr'>rebus</span> <span class='ocrx_word' id='word_1_51' title='bbox 663 481 700 518; x_wconf 89' lang='lat' dir='ltr'>in</span> <span class='ocrx_word' id='word_1_52' title='bbox 734 481 816 518; x_wconf 87' lang='lat' dir='ltr'>loca</span> <span class='ocrx_word' id='word_1_53' title='bbox 849 492 963 530; x_wconf 87' lang='lat' dir='ltr'>quam</span> <span class='ocrx_word' id='word_1_54' title='bbox 998 491 1178 518; x_wconf 85' lang='lat' dir='ltr'>maxume</span> <span class='ocrx_word' id='word_1_55' title='bbox 1217 478 1398 520; x_wconf 89' lang='lat' dir='ltr'>occulta3</span> 
     </span>
     <span class='ocr_line' id='line_1_8' title="bbox 68 534 1363 586; baseline -0.002 -12"><span class='ocrx_word' id='word_1_56' title='bbox 68 535 240 580; x_wconf 83' lang='lat' dir='ltr'>discedit,</span> <span class='ocrx_word' id='word_1_57' title='bbox 263 547 306 574; x_wconf 89' lang='lat' dir='ltr'>ac</span> <span class='ocrx_word' id='word_1_58' title='bbox 326 541 413 586; x_wconf 86' lang='lat' dir='ltr'>post</span> <span class='ocrx_word' id='word_1_59' title='bbox 433 534 546 584; x_wconf 88' lang='lat' dir='ltr'>paulo</span> <span class='ocrx_word' id='word_1_60' title='bbox 570 538 766 585; x_wconf 76' lang='lat' dir='ltr'>cognoscit</span> <span class='ocrx_word' id='word_1_61' title='bbox 788 535 948 574; x_wconf 77' lang='lat' dir='ltr'>Marium</span> <span class='ocrx_word' id='word_1_62' title='bbox 966 548 1011 574; x_wconf 83' lang='lat' dir='ltr'>ex</span> <span class='ocrx_word' id='word_1_63' title='bbox 1036 536 1171 574; x_wconf 86' lang='lat' dir='ltr'>itinere</span> <span class='ocrx_word' id='word_1_64' title='bbox 1192 535 1363 573; x_wconf 81' lang='lat' dir='ltr'>frumen-</span> 
     </span>
     <span class='ocr_line' id='line_1_9' title="bbox 67 590 1363 640; baseline -0.001 -12"><span class='ocrx_word' id='word_1_65' title='bbox 67 595 189 629; x_wconf 89' lang='lat' dir='ltr'>tatum</span> <span class='ocrx_word' id='word_1_66' title='bbox 218 602 305 630; x_wconf 89' lang='lat' dir='ltr'>cum</span> <span class='ocrx_word' id='word_1_67' title='bbox 327 591 458 640; x_wconf 78' lang='lat' dir='ltr'>paucis</span> <span class='ocrx_word' id='word_1_68' title='bbox 481 590 704 629; x_wconf 80' lang='lat' dir='ltr'>cohortibus</span> <span class='ocrx_word' id='word_1_69' title='bbox 736 591 883 630; x_wconf 84' lang='lat' dir='ltr'>Siccam</span> <span class='ocrx_word' id='word_1_70' title='bbox 914 592 1091 635; x_wconf 89' lang='lat' dir='ltr'>missum,</span> <span class='ocrx_word' id='word_1_71' title='bbox 1123 590 1225 640; x_wconf 95' lang='lat' dir='ltr'>quod</span> <span class='ocrx_word' id='word_1_72' title='bbox 1257 591 1363 639; x_wconf 89' lang='lat' dir='ltr'>oppi-</span> 
     </span>
     <span class='ocr_line' id='line_1_10' title="bbox 71 644 1364 696; baseline -0.001 -12"><span class='ocrx_word' id='word_1_73' title='bbox 71 645 162 684; x_wconf 90' lang='lat' dir='ltr'>dum</span> <span class='ocrx_word' id='word_1_74' title='bbox 191 646 360 695; x_wconf 86' lang='lat' dir='ltr'>primum</span> <span class='ocrx_word' id='word_1_75' title='bbox 382 646 552 684; x_wconf 87' lang='lat' dir='ltr'>onmium</span> <span class='ocrx_word' id='word_1_76' title='bbox 582 650 668 695; x_wconf 90' lang='lat' dir='ltr'>post</span> <span class='ocrx_word' id='word_1_77' title='bbox 692 646 830 684; x_wconf 87' lang='lat' dir='ltr'>malam</span> <span class='ocrx_word' id='word_1_78' title='bbox 860 658 1029 696; x_wconf 85' lang='lat' dir='ltr'>pugnam</span> <span class='ocrx_word' id='word_1_79' title='bbox 1061 645 1108 684; x_wconf 91' lang='lat' dir='ltr'>ab</span> <span class='ocrx_word' id='word_1_80' title='bbox 1135 655 1227 694; x_wconf 87' lang='lat' dir='ltr'>rege</span> <span class='ocrx_word' id='word_1_81' title='bbox 1259 644 1364 683; x_wconf 85' lang='lat' dir='ltr'>dese-</span> 
     </span>
    </p>

    <p class='ocr_par' dir='ltr' id='par_1_7' title="bbox 25 701 1400 972">
     <span class='ocr_line' id='line_1_11' title="bbox 25 701 1400 752; baseline -0.001 -12"><span class='ocrx_word' id='word_1_82' title='bbox 25 715 56 741; x_wconf 83' lang='grc' dir='ltr'>ιο</span> <span class='ocrx_word' id='word_1_83' title='bbox 70 706 188 739; x_wconf 87' lang='lat' dir='ltr'>cerat.</span> <span class='ocrx_word' id='word_1_84' title='bbox 230 701 285 739; x_wconf 91' lang='lat' dir='ltr'>Eo</span> <span class='ocrx_word' id='word_1_85' title='bbox 308 713 395 739; x_wconf 90' lang='lat' dir='ltr'>cum</span> <span class='ocrx_word' id='word_1_86' title='bbox 416 701 572 739; x_wconf 85' lang='lat' dir='ltr'>delectis</span> <span class='ocrx_word' id='word_1_87' title='bbox 592 701 782 752; x_wconf 83' lang='lat' dir='ltr'>equitibus</span> <span class='ocrx_word' id='word_1_88' title='bbox 806 707 920 739; x_wconf 89' lang='lat' dir='ltr'>noctu</span> <span class='ocrx_word' id='word_1_89' title='bbox 943 703 1071 751; x_wconf 87' lang='lat' dir='ltr'>pergit</span> <span class='ocrx_word' id='word_1_90' title='bbox 1096 706 1134 739; x_wconf 89' lang='lat' dir='ltr'>et</span> <span class='ocrx_word' id='word_1_91' title='bbox 1157 701 1232 738; x_wconf 91' lang='lat' dir='ltr'>iam</span> <span class='ocrx_word' id='word_1_92' title='bbox 1255 711 1363 749; x_wconf 88' lang='lat' dir='ltr'>egre·</span> <span class='ocrx_word' id='word_1_93' title='bbox 1378 707 1400 738; x_wconf 82' lang='grc'><strong>4</strong></span> 
     </span>
     <span class='ocr_line' id='line_1_12' title="bbox 69 755 1365 806; baseline -0.002 -12"><span class='ocrx_word' id='word_1_94' title='bbox 69 756 260 794; x_wconf 74' lang='lat' dir='ltr'>clientibus</span> <span class='ocrx_word' id='word_1_95' title='bbox 279 755 461 794; x_wconf 85' lang='lat' dir='ltr'>Romanis</span> <span class='ocrx_word' id='word_1_96' title='bbox 482 757 519 794; x_wconf 92' lang='lat' dir='ltr'>in</span> <span class='ocrx_word' id='word_1_97' title='bbox 536 761 645 805; x_wconf 89' lang='lat' dir='ltr'>porta</span> <span class='ocrx_word' id='word_1_98' title='bbox 667 767 836 806; x_wconf 88' lang='lat' dir='ltr'>pugnam</span> <span class='ocrx_word' id='word_1_99' title='bbox 852 757 959 795; x_wconf 83' lang='lat' dir='ltr'>facit:</span> <span class='ocrx_word' id='word_1_100' title='bbox 984 757 1096 795; x_wconf 86' lang='lat' dir='ltr'>simul</span> <span class='ocrx_word' id='word_1_101' title='bbox 1116 767 1254 805; x_wconf 86' lang='lat' dir='ltr'>magna</span> <span class='ocrx_word' id='word_1_102' title='bbox 1273 766 1365 793; x_wconf 82' lang='lat' dir='ltr'>voce</span> 
     </span>
     <span class='ocr_line' id='line_1_13' title="bbox 69 810 1364 862; baseline -0.002 -13"><span class='ocrx_word' id='word_1_103' title='bbox 69 810 258 849; x_wconf 86' lang='lat' dir='ltr'>Siccensis</span> <span class='ocrx_word' id='word_1_104' title='bbox 286 811 480 856; x_wconf 81' lang='lat' dir='ltr'>hortatur,</span> <span class='ocrx_word' id='word_1_105' title='bbox 521 812 574 850; x_wconf 90' lang='lat' dir='ltr'>uti</span> <span class='ocrx_word' id='word_1_106' title='bbox 614 812 782 850; x_wconf 85' lang='lat' dir='ltr'>cohortis</span> <span class='ocrx_word' id='word_1_107' title='bbox 813 811 858 850; x_wconf 84' lang='lat' dir='ltr'>ab</span> <span class='ocrx_word' id='word_1_108' title='bbox 894 817 1002 862; x_wconf 85' lang='lat' dir='ltr'>tergo</span> <span class='ocrx_word' id='word_1_109' title='bbox 1042 811 1364 850; x_wconf 86' lang='lat' dir='ltr'>circumveniant:</span> 
     </span>
     <span class='ocr_line' id='line_1_14' title="bbox 69 865 1363 915; baseline -0.001 -11"><span class='ocrx_word' id='word_1_110' title='bbox 69 866 263 905; x_wconf 76' lang='lat' dir='ltr'>fortunam</span> <span class='ocrx_word' id='word_1_111' title='bbox 280 866 352 904; x_wconf 84' lang='lat' dir='ltr'>illis</span> <span class='ocrx_word' id='word_1_112' title='bbox 372 865 561 915; x_wconf 89' lang='lat' dir='ltr'>praeclari</span> <span class='ocrx_word' id='word_1_113' title='bbox 586 867 766 904; x_wconf 83' lang='lat' dir='ltr'>facinoris</span> <span class='ocrx_word' id='word_1_114' title='bbox 785 879 916 906; x_wconf 87' lang='lat' dir='ltr'>casum</span> <span class='ocrx_word' id='word_1_115' title='bbox 937 867 1051 906; x_wconf 88' lang='lat' dir='ltr'>dare:</span> <span class='ocrx_word' id='word_1_116' title='bbox 1082 868 1113 905; x_wconf 85' lang='lat' dir='ltr'>si</span> <span class='ocrx_word' id='word_1_117' title='bbox 1132 866 1170 904; x_wconf 93' lang='lat' dir='ltr'>id</span> <span class='ocrx_word' id='word_1_118' title='bbox 1190 865 1363 908; x_wconf 82' lang='lat' dir='ltr'>fecerint,</span> 
     </span>
     <span class='ocr_line' id='line_1_15' title="bbox 68 921 1366 972; baseline -0.002 -12"><span class='ocrx_word' id='word_1_119' title='bbox 68 926 202 972; x_wconf 84' lang='lat' dir='ltr'>postea</span> <span class='ocrx_word' id='word_1_120' title='bbox 229 933 314 960; x_wconf 90' lang='lat' dir='ltr'>sese</span> <span class='ocrx_word' id='word_1_121' title='bbox 342 922 380 959; x_wconf 92' lang='lat' dir='ltr'>in</span> <span class='ocrx_word' id='word_1_122' title='bbox 409 933 551 970; x_wconf 84' lang='lat' dir='ltr'>regno,</span> <span class='ocrx_word' id='word_1_123' title='bbox 579 921 662 959; x_wconf 86' lang='lat' dir='ltr'>illos</span> <span class='ocrx_word' id='word_1_124' title='bbox 694 924 732 960; x_wconf 92' lang='lat' dir='ltr'>in</span> <span class='ocrx_word' id='word_1_125' title='bbox 760 922 936 961; x_wconf 90' lang='lat' dir='ltr'>libertate</span> <span class='ocrx_word' id='word_1_126' title='bbox 956 923 1038 961; x_wconf 88' lang='lat' dir='ltr'>sine</span> <span class='ocrx_word' id='word_1_127' title='bbox 1068 926 1170 960; x_wconf 89' lang='lat' dir='ltr'>metu</span> <span class='ocrx_word' id='word_1_128' title='bbox 1204 925 1366 960; x_wconf 84' lang='lat' dir='ltr'>aetatem</span> 
     </span>
    </p>

    <p class='ocr_par' dir='ltr' id='par_1_8' title="bbox 23 975 1403 1248">
     <span class='ocr_line' id='line_1_16' title="bbox 23 975 1403 1028; baseline -0.002 -11"><span class='ocrx_word' id='word_1_129' title='bbox 23 994 55 1018; x_wconf 78' lang='lat'>15</span> <span class='ocrx_word' id='word_1_130' title='bbox 69 981 235 1016; x_wconf 85' lang='lat' dir='ltr'>acturos.</span> <span class='ocrx_word' id='word_1_131' title='bbox 289 977 344 1014; x_wconf 85' lang='lat' dir='ltr'>Ac</span> <span class='ocrx_word' id='word_1_132' title='bbox 373 977 412 1015; x_wconf 88' lang='lat' dir='ltr'>ni</span> <span class='ocrx_word' id='word_1_133' title='bbox 436 976 578 1015; x_wconf 84' lang='lat' dir='ltr'>Marius</span> <span class='ocrx_word' id='word_1_134' title='bbox 609 979 716 1027; x_wconf 86' lang='lat' dir='ltr'>signa</span> <span class='ocrx_word' id='word_1_135' title='bbox 737 978 882 1016; x_wconf 79' lang='lat' dir='ltr'>inferre</span> <span class='ocrx_word' id='word_1_136' title='bbox 907 982 1021 1028; x_wconf 83' lang='lat' dir='ltr'>atque</span> <span class='ocrx_word' id='word_1_137' title='bbox 1043 977 1204 1015; x_wconf 71' lang='lat' dir='ltr'>evadere</span> <span class='ocrx_word' id='word_1_138' title='bbox 1225 975 1365 1025; x_wconf 91' lang='lat' dir='ltr'>oppido</span> <span class='ocrx_word' id='word_1_139' title='bbox 1382 982 1403 1014; x_wconf 85' lang='lat'>5</span> 
     </span>
     <span class='ocr_line' id='line_1_17' title="bbox 69 1032 1365 1082; baseline -0.002 -12"><span class='ocrx_word' id='word_1_140' title='bbox 69 1032 369 1082; x_wconf 75' lang='lat' dir='ltr'>properavisset‚</span> <span class='ocrx_word' id='word_1_141' title='bbox 396 1032 570 1081; x_wconf 84' lang='lat' dir='ltr'>profecto</span> <span class='ocrx_word' id='word_1_142' title='bbox 601 1034 727 1071; x_wconf 90' lang='lat' dir='ltr'>cuncti</span> <span class='ocrx_word' id='word_1_143' title='bbox 757 1038 823 1070; x_wconf 84' lang='lat' dir='ltr'>aut</span> <span class='ocrx_word' id='word_1_144' title='bbox 851 1044 990 1082; x_wconf 83' lang='lat' dir='ltr'>magna</span> <span class='ocrx_word' id='word_1_145' title='bbox 1018 1044 1109 1082; x_wconf 86' lang='lat' dir='ltr'>pars</span> <span class='ocrx_word' id='word_1_146' title='bbox 1130 1032 1365 1070; x_wconf 87' lang='lat' dir='ltr'>Siccensium</span> 
     </span>
     <span class='ocr_line' id='line_1_18' title="bbox 69 1085 1401 1138; baseline -0.002 -12"><span class='ocrx_word' id='word_1_147' title='bbox 69 1087 184 1126; x_wconf 82' lang='lat' dir='ltr'>fidem</span> <span class='ocrx_word' id='word_1_148' title='bbox 200 1088 468 1126; x_wconf 88' lang='lat' dir='ltr'>mutavissent:</span> <span class='ocrx_word' id='word_1_149' title='bbox 493 1093 593 1125; x_wconf 86' lang='lat' dir='ltr'>tanta</span> <span class='ocrx_word' id='word_1_150' title='bbox 610 1087 819 1126; x_wconf 88' lang='lat' dir='ltr'>mobilitate</span> <span class='ocrx_word' id='word_1_151' title='bbox 836 1100 920 1126; x_wconf 83' lang='lat' dir='ltr'>sese</span> <span class='ocrx_word' id='word_1_152' title='bbox 935 1087 1121 1126; x_wconf 85' lang='lat' dir='ltr'>Numidae</span> <span class='ocrx_word' id='word_1_153' title='bbox 1133 1092 1288 1138; x_wconf 88' lang='lat' dir='ltr'>gerunt.</span> <span class='ocrx_word' id='word_1_154' title='bbox 1301 1085 1366 1124; x_wconf 90' lang='lat' dir='ltr'>Set</span> <span class='ocrx_word' id='word_1_155' title='bbox 1379 1091 1401 1124; x_wconf 87' lang='grc'><strong>6</strong></span> 
     </span>
     <span class='ocr_line' id='line_1_19' title="bbox 69 1141 1366 1192; baseline -0.003 -11"><span class='ocrx_word' id='word_1_156' title='bbox 69 1141 206 1181; x_wconf 85' lang='lat' dir='ltr'>milites</span> <span class='ocrx_word' id='word_1_157' title='bbox 229 1142 464 1192; x_wconf 84' lang='lat' dir='ltr'>Iugurthini,</span> <span class='ocrx_word' id='word_1_158' title='bbox 497 1142 692 1192; x_wconf 75' lang='lat' dir='ltr'>paulisper</span> <span class='ocrx_word' id='word_1_159' title='bbox 723 1142 769 1180; x_wconf 89' lang='lat' dir='ltr'>ab</span> <span class='ocrx_word' id='word_1_160' title='bbox 799 1154 891 1192; x_wconf 84' lang='lat' dir='ltr'>rege</span> <span class='ocrx_word' id='word_1_161' title='bbox 914 1143 1131 1186; x_wconf 85' lang='lat' dir='ltr'>sustentati,</span> <span class='ocrx_word' id='word_1_162' title='bbox 1163 1146 1366 1191; x_wconf 87' lang='lat' dir='ltr'>postquam</span> 
     </span>
     <span class='ocr_line' id='line_1_20' title="bbox 68 1196 1365 1248; baseline -0.003 -12"><span class='ocrx_word' id='word_1_163' title='bbox 68 1198 215 1236; x_wconf 81' lang='lat' dir='ltr'>maiore</span> <span class='ocrx_word' id='word_1_164' title='bbox 239 1198 273 1235; x_wconf 85' lang='lat' dir='ltr'>vi</span> <span class='ocrx_word' id='word_1_165' title='bbox 299 1197 428 1235; x_wconf 89' lang='lat' dir='ltr'>hostes</span> <span class='ocrx_word' id='word_1_166' title='bbox 449 1203 626 1246; x_wconf 89' lang='lat' dir='ltr'>urguent,</span> <span class='ocrx_word' id='word_1_167' title='bbox 658 1199 790 1247; x_wconf 82' lang='lat' dir='ltr'>paucis</span> <span class='ocrx_word' id='word_1_168' title='bbox 812 1199 958 1236; x_wconf 87' lang='lat' dir='ltr'>amissis</span> <span class='ocrx_word' id='word_1_169' title='bbox 978 1198 1132 1248; x_wconf 81' lang='lat' dir='ltr'>profugi</span> <span class='ocrx_word' id='word_1_170' title='bbox 1153 1196 1365 1235; x_wconf 86' lang='lat' dir='ltr'>discedunt.</span> 
     </span>
    </p>

    <p class='ocr_par' dir='ltr' id='par_1_9' title="bbox 24 1249 1432 1523">
     <span class='ocr_line' id='line_1_21' title="bbox 24 1249 1432 1303; baseline -0.003 -12"><span class='ocrx_word' id='word_1_171' title='bbox 24 1266 56 1292; x_wconf 79' lang='lat'>20</span> <span class='ocrx_word' id='word_1_172' title='bbox 179 1251 322 1291; x_wconf 86' lang='lat' dir='ltr'>Marius</span> <span class='ocrx_word' id='word_1_173' title='bbox 351 1252 398 1290; x_wconf 90' lang='lat' dir='ltr'>ad</span> <span class='ocrx_word' id='word_1_174' title='bbox 430 1252 583 1290; x_wconf 83' lang='lat' dir='ltr'>Zamam</span> <span class='ocrx_word' id='word_1_175' title='bbox 613 1253 800 1302; x_wconf 79' lang='lat' dir='ltr'>pervenit.</span> <span class='ocrx_word' id='word_1_176' title='bbox 856 1253 898 1291; x_wconf 91' lang='lat' dir='ltr'>Id</span> <span class='ocrx_word' id='word_1_177' title='bbox 931 1253 1132 1303; x_wconf 85' lang='lat' dir='ltr'>oppidum,</span> <span class='ocrx_word' id='word_1_178' title='bbox 1162 1253 1202 1290; x_wconf 90' lang='lat' dir='ltr'>in</span> <span class='ocrx_word' id='word_1_179' title='bbox 1229 1261 1365 1300; x_wconf 87' lang='lat' dir='ltr'>campo</span> <span class='ocrx_word' id='word_1_180' title='bbox 1381 1249 1432 1287; x_wconf 88' lang='grc'>57</span> 
     </span>
     <span class='ocr_line' id='line_1_22' title="bbox 68 1306 1407 1358; baseline -0.002 -12"><span class='ocrx_word' id='word_1_181' title='bbox 68 1309 193 1352; x_wconf 84' lang='lat' dir='ltr'>situm,</span> <span class='ocrx_word' id='word_1_182' title='bbox 225 1309 346 1357; x_wconf 86' lang='lat' dir='ltr'>magis</span> <span class='ocrx_word' id='word_1_183' title='bbox 366 1319 483 1358; x_wconf 88' lang='lat' dir='ltr'>opere</span> <span class='ocrx_word' id='word_1_184' title='bbox 506 1320 620 1357; x_wconf 87' lang='lat' dir='ltr'>quam</span> <span class='ocrx_word' id='word_1_185' title='bbox 641 1314 776 1346; x_wconf 86' lang='lat' dir='ltr'>natura</span> <span class='ocrx_word' id='word_1_186' title='bbox 798 1309 987 1347; x_wconf 89' lang='lat' dir='ltr'>munitum</span> <span class='ocrx_word' id='word_1_187' title='bbox 1008 1313 1101 1351; x_wconf 89' lang='lat' dir='ltr'>erat,</span> <span class='ocrx_word' id='word_1_188' title='bbox 1124 1306 1265 1346; x_wconf 89' lang='lat' dir='ltr'>nullius</span> <span class='ocrx_word' id='word_1_189' title='bbox 1286 1306 1367 1344; x_wconf 91' lang='lat' dir='ltr'>ido·</span> <span class='ocrx_word' id='word_1_190' title='bbox 1395 1345 1407 1356; x_wconf 61' lang='lat'><strong>,</strong></span> 
     </span>
     <span class='ocr_line' id='line_1_23' title="bbox 68 1361 1401 1414; baseline -0.004 -13"><span class='ocrx_word' id='word_1_191' title='bbox 68 1375 164 1402; x_wconf 82' lang='lat' dir='ltr'>neae</span> <span class='ocrx_word' id='word_1_192' title='bbox 190 1363 247 1401; x_wconf 87' lang='lat' dir='ltr'>rei</span> <span class='ocrx_word' id='word_1_193' title='bbox 271 1373 399 1411; x_wconf 88' lang='lat' dir='ltr'>egens,</span> <span class='ocrx_word' id='word_1_194' title='bbox 423 1364 539 1401; x_wconf 89' lang='lat' dir='ltr'>armis</span> <span class='ocrx_word' id='word_1_195' title='bbox 569 1364 733 1414; x_wconf 83' lang='lat' dir='ltr'>virisque</span> <span class='ocrx_word' id='word_1_196' title='bbox 765 1363 1001 1413; x_wconf 88' lang='lat' dir='ltr'>opulentum.</span> <span class='ocrx_word' id='word_1_197' title='bbox 1045 1362 1165 1411; x_wconf 82' lang='lat' dir='ltr'>Igitur</span> <span class='ocrx_word' id='word_1_198' title='bbox 1194 1361 1401 1400; x_wconf 60' lang='lat' dir='ltr'>Metellum</span> 
     </span>
     <span class='ocr_line' id='line_1_24' title="bbox 69 1417 1367 1468; baseline -0.002 -12"><span class='ocrx_word' id='word_1_199' title='bbox 69 1430 139 1468; x_wconf 89' lang='lat' dir='ltr'>pro</span> <span class='ocrx_word' id='word_1_200' title='bbox 163 1423 337 1468; x_wconf 87' lang='lat' dir='ltr'>tempore</span> <span class='ocrx_word' id='word_1_201' title='bbox 361 1424 474 1468; x_wconf 88' lang='lat' dir='ltr'>atque</span> <span class='ocrx_word' id='word_1_202' title='bbox 494 1417 579 1456; x_wconf 87' lang='lat' dir='ltr'>loco</span> <span class='ocrx_word' id='word_1_203' title='bbox 601 1419 742 1467; x_wconf 86' lang='lat' dir='ltr'>paratis</span> <span class='ocrx_word' id='word_1_204' title='bbox 771 1418 888 1457; x_wconf 90' lang='lat' dir='ltr'>rebus</span> <span class='ocrx_word' id='word_1_205' title='bbox 912 1423 1048 1456; x_wconf 86' lang='lat' dir='ltr'>cuncta</span> <span class='ocrx_word' id='word_1_206' title='bbox 1077 1417 1228 1455; x_wconf 89' lang='lat' dir='ltr'>moenia</span> <span class='ocrx_word' id='word_1_207' title='bbox 1257 1427 1367 1455; x_wconf 81' lang='lat' dir='ltr'>exer-</span> 
     </span>
     <span class='ocr_line' id='line_1_25' title="bbox 69 1470 1399 1523; baseline -0.002 -11"><span class='ocrx_word' id='word_1_208' title='bbox 69 1475 146 1512; x_wconf 88' lang='lat' dir='ltr'>citu</span> <span class='ocrx_word' id='word_1_209' title='bbox 162 1473 423 1516; x_wconf 78' lang='lat' dir='ltr'>circumvenit,</span> <span class='ocrx_word' id='word_1_210' title='bbox 442 1473 825 1523; x_wconf 80' lang='lat' dir='ltr'>legatisimperatubi</span> <span class='ocrx_word' id='word_1_211' title='bbox 841 1474 1002 1523; x_wconf 87' lang='lat' dir='ltr'>quisque</span> <span class='ocrx_word' id='word_1_212' title='bbox 1024 1476 1188 1511; x_wconf 85' lang='lat' dir='ltr'>curaret.</span> <span class='ocrx_word' id='word_1_213' title='bbox 1220 1470 1366 1509; x_wconf 87' lang='lat' dir='ltr'>Deinde</span> <span class='ocrx_word' id='word_1_214' title='bbox 1379 1478 1399 1510; x_wconf 84' lang='lat'><strong>3</strong></span> 
     </span>
    </p>

    <p class='ocr_par' dir='ltr' id='par_1_10' title="bbox 24 1528 1401 1797">
     <span class='ocr_line' id='line_1_26' title="bbox 24 1528 1368 1579; baseline -0.002 -12"><span class='ocrx_word' id='word_1_215' title='bbox 24 1543 56 1568; x_wconf 76' lang='lat'>25</span> <span class='ocrx_word' id='word_1_216' title='bbox 68 1529 178 1579; x_wconf 81' lang='lat' dir='ltr'>signo</span> <span class='ocrx_word' id='word_1_217' title='bbox 210 1528 298 1566; x_wconf 90' lang='lat' dir='ltr'>dato</span> <span class='ocrx_word' id='word_1_218' title='bbox 324 1528 493 1578; x_wconf 89' lang='lat' dir='ltr'>undique</span> <span class='ocrx_word' id='word_1_219' title='bbox 523 1528 635 1566; x_wconf 85' lang='lat' dir='ltr'>simul</span> <span class='ocrx_word' id='word_1_220' title='bbox 665 1528 810 1566; x_wconf 89' lang='lat' dir='ltr'>clamor</span> <span class='ocrx_word' id='word_1_221' title='bbox 840 1529 975 1578; x_wconf 88' lang='lat' dir='ltr'>ingens</span> <span class='ocrx_word' id='word_1_222' title='bbox 1003 1529 1138 1571; x_wconf 92' lang='lat' dir='ltr'>oritur,</span> <span class='ocrx_word' id='word_1_223' title='bbox 1168 1538 1294 1576; x_wconf 88' lang='lat' dir='ltr'>neque</span> <span class='ocrx_word' id='word_1_224' title='bbox 1324 1537 1368 1564; x_wconf 88' lang='lat' dir='ltr'>ea</span> 
     </span>
     <span class='ocr_line' id='line_1_27' title="bbox 68 1582 1367 1633; baseline -0.003 -11"><span class='ocrx_word' id='word_1_225' title='bbox 68 1595 133 1623; x_wconf 90' lang='lat' dir='ltr'>res</span> <span class='ocrx_word' id='word_1_226' title='bbox 148 1583 333 1622; x_wconf 85' lang='lat' dir='ltr'>Numidas</span> <span class='ocrx_word' id='word_1_227' title='bbox 353 1588 492 1622; x_wconf 87' lang='lat' dir='ltr'>terret:</span> <span class='ocrx_word' id='word_1_228' title='bbox 514 1583 651 1621; x_wconf 82' lang='lat' dir='ltr'>infensi</span> <span class='ocrx_word' id='word_1_229' title='bbox 674 1584 884 1633; x_wconf 84' lang='lat' dir='ltr'>intentique</span> <span class='ocrx_word' id='word_1_230' title='bbox 903 1584 983 1621; x_wconf 88' lang='lat' dir='ltr'>sine</span> <span class='ocrx_word' id='word_1_231' title='bbox 1005 1582 1170 1621; x_wconf 90' lang='lat' dir='ltr'>tumultu</span> <span class='ocrx_word' id='word_1_232' title='bbox 1192 1585 1367 1619; x_wconf 87' lang='lat' dir='ltr'>manent:</span> 
     </span>
     <span class='ocr_line' id='line_1_28' title="bbox 69 1638 1401 1689; baseline -0.002 -12"><span class='ocrx_word' id='word_1_233' title='bbox 69 1638 259 1689; x_wconf 87' lang='lat' dir='ltr'>proelium</span> <span class='ocrx_word' id='word_1_234' title='bbox 292 1639 484 1688; x_wconf 89' lang='lat' dir='ltr'>incipitur.</span> <span class='ocrx_word' id='word_1_235' title='bbox 550 1638 733 1682; x_wconf 87' lang='lat' dir='ltr'>Romani,</span> <span class='ocrx_word' id='word_1_236' title='bbox 769 1650 839 1688; x_wconf 90' lang='lat' dir='ltr'>pro</span> <span class='ocrx_word' id='word_1_237' title='bbox 868 1639 1022 1687; x_wconf 86' lang='lat' dir='ltr'>ingenio</span> <span class='ocrx_word' id='word_1_238' title='bbox 1058 1638 1233 1689; x_wconf 88' lang='lat' dir='ltr'>quisque,</span> <span class='ocrx_word' id='word_1_239' title='bbox 1277 1647 1401 1686; x_wconf 72' lang='lat' dir='ltr'>pars4</span> 
     </span>
     <span class='ocr_line' id='line_1_29' title="bbox 71 1693 1368 1743; baseline -0.005 -9"><span class='ocrx_word' id='word_1_240' title='bbox 71 1695 220 1734; x_wconf 87' lang='lat' dir='ltr'>eminus</span> <span class='ocrx_word' id='word_1_241' title='bbox 241 1693 379 1743; x_wconf 86' lang='lat' dir='ltr'>glande</span> <span class='ocrx_word' id='word_1_242' title='bbox 400 1699 464 1732; x_wconf 90' lang='lat' dir='ltr'>aut</span> <span class='ocrx_word' id='word_1_243' title='bbox 481 1693 672 1743; x_wconf 83' lang='lat' dir='ltr'>lapidibus</span> <span class='ocrx_word' id='word_1_244' title='bbox 695 1704 880 1743; x_wconf 86' lang='lat' dir='ltr'>pugnare,</span> <span class='ocrx_word' id='word_1_245' title='bbox 904 1693 965 1731; x_wconf 88' lang='lat' dir='ltr'>alii</span> <span class='ocrx_word' id='word_1_246' title='bbox 985 1693 1196 1732; x_wconf 85' lang='lat' dir='ltr'>succedere</span> <span class='ocrx_word' id='word_1_247' title='bbox 1218 1703 1262 1729; x_wconf 88' lang='lat' dir='ltr'>ac</span> <span class='ocrx_word' id='word_1_248' title='bbox 1285 1703 1368 1729; x_wconf 90' lang='lat' dir='ltr'>mu-</span> 
     </span>
     <span class='ocr_line' id='line_1_30' title="bbox 70 1745 1369 1797; baseline -0.005 -8"><span class='ocrx_word' id='word_1_249' title='bbox 70 1761 159 1789; x_wconf 86' lang='lat' dir='ltr'>rum</span> <span class='ocrx_word' id='word_1_250' title='bbox 180 1749 294 1788; x_wconf 89' lang='lat' dir='ltr'>modo</span> <span class='ocrx_word' id='word_1_251' title='bbox 317 1748 527 1787; x_wconf 79' lang='lat' dir='ltr'>subfodere</span> <span class='ocrx_word' id='word_1_252' title='bbox 547 1749 662 1787; x_wconf 89' lang='lat' dir='ltr'>modo</span> <span class='ocrx_word' id='word_1_253' title='bbox 685 1748 797 1787; x_wconf 86' lang='lat' dir='ltr'>scalis</span> <span class='ocrx_word' id='word_1_254' title='bbox 817 1749 994 1797; x_wconf 85' lang='lat' dir='ltr'>adgredi,</span> <span class='ocrx_word' id='word_1_255' title='bbox 1016 1759 1158 1797; x_wconf 89' lang='lat' dir='ltr'>cupere</span> <span class='ocrx_word' id='word_1_256' title='bbox 1179 1745 1369 1796; x_wconf 88' lang='lat' dir='ltr'>proelium</span> 
     </span>
    </p>

    <p class='ocr_par' dir='ltr' id='par_1_11' title="bbox 24 1803 1405 2073">
     <span class='ocr_line' id='line_1_31' title="bbox 24 1803 1405 1853; baseline -0.004 -7"><span class='ocrx_word' id='word_1_257' title='bbox 24 1806 111 1846; x_wconf 67' lang='lat' dir='ltr'>zoin</span> <span class='ocrx_word' id='word_1_258' title='bbox 138 1804 318 1843; x_wconf 86' lang='lat' dir='ltr'>manibus</span> <span class='ocrx_word' id='word_1_259' title='bbox 342 1804 482 1843; x_wconf 80' lang='lat' dir='ltr'>facere.</span> <span class='ocrx_word' id='word_1_260' title='bbox 529 1803 671 1842; x_wconf 88' lang='lat' dir='ltr'>Contra</span> <span class='ocrx_word' id='word_1_261' title='bbox 702 1816 745 1842; x_wconf 83' lang='lat' dir='ltr'>ea</span> <span class='ocrx_word' id='word_1_262' title='bbox 768 1804 948 1853; x_wconf 86' lang='lat' dir='ltr'>oppidani</span> <span class='ocrx_word' id='word_1_263' title='bbox 975 1804 1014 1840; x_wconf 90' lang='lat' dir='ltr'>in</span> <span class='ocrx_word' id='word_1_264' title='bbox 1044 1813 1255 1851; x_wconf 80' lang='lat' dir='ltr'>proxumos</span> <span class='ocrx_word' id='word_1_265' title='bbox 1281 1809 1405 1840; x_wconf 84' lang='lat' dir='ltr'>saxa5</span> 
     </span>
     <span class='ocr_line' id='line_1_32' title="bbox 73 1857 1369 1908; baseline -0.003 -12"><span class='ocrx_word' id='word_1_266' title='bbox 73 1859 235 1903; x_wconf 78' lang='lat' dir='ltr'>volvere,</span> <span class='ocrx_word' id='word_1_267' title='bbox 252 1859 370 1903; x_wconf 84' lang='lat' dir='ltr'>sudis,</span> <span class='ocrx_word' id='word_1_268' title='bbox 386 1859 474 1908; x_wconf 85' lang='lat' dir='ltr'>pila,</span> <span class='ocrx_word' id='word_1_269' title='bbox 493 1864 694 1908; x_wconf 82' lang='lat' dir='ltr'>praeterea</span> <span class='ocrx_word' id='word_1_270' title='bbox 713 1860 837 1908; x_wconf 85' lang='lat' dir='ltr'>picem</span> <span class='ocrx_word' id='word_1_271' title='bbox 858 1857 1005 1896; x_wconf 82' lang='lat' dir='ltr'>sulfure</span> <span class='ocrx_word' id='word_1_272' title='bbox 1027 1863 1063 1896; x_wconf 91' lang='lat' dir='ltr'>et</span> <span class='ocrx_word' id='word_1_273' title='bbox 1082 1857 1190 1895; x_wconf 84' lang='lat' dir='ltr'>taeda</span> <span class='ocrx_word' id='word_1_274' title='bbox 1214 1857 1369 1894; x_wconf 83' lang='lat' dir='ltr'>mixtam</span> 
     </span>
     <span class='ocr_line' id='line_1_33' title="bbox 72 1912 1404 1963; baseline -0.002 -10"><span class='ocrx_word' id='word_1_275' title='bbox 72 1914 221 1953; x_wconf 87' lang='lat' dir='ltr'>ardenti</span> <span class='ocrx_word' id='word_1_276' title='bbox 242 1915 405 1952; x_wconf 86' lang='lat' dir='ltr'>mittere.</span> <span class='ocrx_word' id='word_1_277' title='bbox 446 1914 512 1952; x_wconf 87' lang='lat' dir='ltr'>Set</span> <span class='ocrx_word' id='word_1_278' title='bbox 533 1925 581 1952; x_wconf 88' lang='lat' dir='ltr'>ne</span> <span class='ocrx_word' id='word_1_279' title='bbox 604 1913 687 1951; x_wconf 88' lang='lat' dir='ltr'>illos</span> <span class='ocrx_word' id='word_1_280' title='bbox 706 1913 873 1963; x_wconf 85' lang='lat' dir='ltr'>quidem,</span> <span class='ocrx_word' id='word_1_281' title='bbox 897 1913 960 1963; x_wconf 85' lang='lat' dir='ltr'>qui</span> <span class='ocrx_word' id='word_1_282' title='bbox 982 1912 1118 1961; x_wconf 88' lang='lat' dir='ltr'>procul</span> <span class='ocrx_word' id='word_1_283' title='bbox 1138 1915 1369 1954; x_wconf 88' lang='lat' dir='ltr'>manserant,</span> <span class='ocrx_word' id='word_1_284' title='bbox 1383 1919 1404 1951; x_wconf 84' lang='lat'>6</span> 
     </span>
     <span class='ocr_line' id='line_1_34' title="bbox 71 1966 1369 2017; baseline -0.004 -9"><span class='ocrx_word' id='word_1_285' title='bbox 71 1971 187 2008; x_wconf 76' lang='lat' dir='ltr'>tImor</span> <span class='ocrx_word' id='word_1_286' title='bbox 208 1969 325 2007; x_wconf 87' lang='lat' dir='ltr'>animi</span> <span class='ocrx_word' id='word_1_287' title='bbox 346 1969 437 2007; x_wconf 84' lang='lat' dir='ltr'>satis</span> <span class='ocrx_word' id='word_1_288' title='bbox 460 1970 697 2007; x_wconf 79' lang='lat' dir='ltr'>muniverat:</span> <span class='ocrx_word' id='word_1_289' title='bbox 721 1980 808 2006; x_wconf 88' lang='lat' dir='ltr'>nam</span> <span class='ocrx_word' id='word_1_290' title='bbox 829 1967 1035 2017; x_wconf 89' lang='lat' dir='ltr'>plerosque</span> <span class='ocrx_word' id='word_1_291' title='bbox 1056 1966 1180 2006; x_wconf 90' lang='lat' dir='ltr'>iacula</span> <span class='ocrx_word' id='word_1_292' title='bbox 1199 1971 1369 2004; x_wconf 87' lang='lat' dir='ltr'>tormen-</span> 
     </span>
     <span class='ocr_line' id='line_1_35' title="bbox 74 2021 1370 2073; baseline -0.005 -9"><span class='ocrx_word' id='word_1_293' title='bbox 74 2026 122 2064; x_wconf 89' lang='lat' dir='ltr'>tis</span> <span class='ocrx_word' id='word_1_294' title='bbox 143 2030 208 2064; x_wconf 88' lang='lat' dir='ltr'>aut</span> <span class='ocrx_word' id='word_1_295' title='bbox 225 2036 342 2062; x_wconf 88' lang='lat' dir='ltr'>manu</span> <span class='ocrx_word' id='word_1_296' title='bbox 367 2024 502 2062; x_wconf 87' lang='lat' dir='ltr'>emissa</span> <span class='ocrx_word' id='word_1_297' title='bbox 523 2023 784 2067; x_wconf 70' lang='lat' dir='ltr'>volnerabmit,</span> <span class='ocrx_word' id='word_1_298' title='bbox 813 2023 973 2073; x_wconf 87' lang='lat' dir='ltr'>parique</span> <span class='ocrx_word' id='word_1_299' title='bbox 995 2021 1169 2072; x_wconf 90' lang='lat' dir='ltr'>periculo</span> <span class='ocrx_word' id='word_1_300' title='bbox 1190 2027 1248 2060; x_wconf 85' lang='lat' dir='ltr'>set</span> <span class='ocrx_word' id='word_1_301' title='bbox 1271 2021 1370 2059; x_wconf 75' lang='lat' dir='ltr'>sama</span> 
     </span>
    </p>

    <p class='ocr_par' dir='ltr' id='par_1_12' title="bbox 27 2079 745 2130">
     <span class='ocr_line' id='line_1_36' title="bbox 27 2079 745 2130; baseline -0.004 -12"><span class='ocrx_word' id='word_1_302' title='bbox 27 2091 59 2118; x_wconf 64' lang='lat'>35</span> <span class='ocrx_word' id='word_1_303' title='bbox 76 2081 201 2130; x_wconf 87' lang='lat' dir='ltr'>inpari</span> <span class='ocrx_word' id='word_1_304' title='bbox 231 2079 322 2117; x_wconf 90' lang='lat' dir='ltr'>boni</span> <span class='ocrx_word' id='word_1_305' title='bbox 344 2084 457 2129; x_wconf 87' lang='lat' dir='ltr'>atque</span> <span class='ocrx_word' id='word_1_306' title='bbox 478 2079 601 2128; x_wconf 78' lang='lat' dir='ltr'>ignavi</span> <span class='ocrx_word' id='word_1_307' title='bbox 625 2084 745 2116; x_wconf 87' lang='lat' dir='ltr'>erant.</span> 
     </span>
    </p>

    <p class='ocr_par' dir='ltr' id='par_1_13' title="bbox 74 2129 1435 2296">
     <span class='ocr_line' id='line_1_37' title="bbox 184 2129 1435 2184; baseline -0.005 -10"><span class='ocrx_word' id='word_1_308' title='bbox 184 2135 283 2174; x_wconf 91' lang='lat' dir='ltr'>Dum</span> <span class='ocrx_word' id='word_1_309' title='bbox 304 2134 407 2184; x_wconf 90' lang='lat' dir='ltr'>apud</span> <span class='ocrx_word' id='word_1_310' title='bbox 428 2133 581 2172; x_wconf 87' lang='lat' dir='ltr'>Zamam</span> <span class='ocrx_word' id='word_1_311' title='bbox 606 2134 661 2171; x_wconf 91' lang='lat' dir='ltr'>sic</span> <span class='ocrx_word' id='word_1_312' title='bbox 692 2139 873 2178; x_wconf 83' lang='lat' dir='ltr'>certatur,</span> <span class='ocrx_word' id='word_1_313' title='bbox 902 2133 1088 2183; x_wconf 85' lang='lat' dir='ltr'>Iugurtha</span> <span class='ocrx_word' id='word_1_314' title='bbox 1110 2145 1156 2172; x_wconf 86' lang='lat' dir='ltr'>ex</span> <span class='ocrx_word' id='word_1_315' title='bbox 1175 2132 1369 2182; x_wconf 88' lang='lat' dir='ltr'>inproviso</span> <span class='ocrx_word' id='word_1_316' title='bbox 1384 2129 1435 2168; x_wconf 74' lang='lat'>58</span> 
     </span>
     <span class='ocr_line' id='line_1_38' title="bbox 75 2187 1369 2237; baseline -0.003 -9"><span class='ocrx_word' id='word_1_317' title='bbox 75 2196 199 2229; x_wconf 82' lang='lat' dir='ltr'>castra</span> <span class='ocrx_word' id='word_1_318' title='bbox 225 2190 392 2228; x_wconf 86' lang='lat' dir='ltr'>hostium</span> <span class='ocrx_word' id='word_1_319' title='bbox 414 2201 501 2227; x_wconf 91' lang='lat' dir='ltr'>cum</span> <span class='ocrx_word' id='word_1_320' title='bbox 523 2199 661 2237; x_wconf 83' lang='lat' dir='ltr'>magna</span> <span class='ocrx_word' id='word_1_321' title='bbox 689 2201 805 2227; x_wconf 85' lang='lat' dir='ltr'>manu</span> <span class='ocrx_word' id='word_1_322' title='bbox 830 2189 992 2227; x_wconf 89' lang='lat' dir='ltr'>invadit:</span> <span class='ocrx_word' id='word_1_323' title='bbox 1023 2188 1205 2231; x_wconf 74' lang='lat' dir='ltr'>remissis,</span> <span class='ocrx_word' id='word_1_324' title='bbox 1238 2187 1302 2237; x_wconf 88' lang='lat' dir='ltr'>qui</span> <span class='ocrx_word' id='word_1_325' title='bbox 1331 2187 1369 2224; x_wconf 89' lang='lat' dir='ltr'>iu</span> 
     </span>
     <span class='ocr_line' id='line_1_39' title="bbox 74 2243 1367 2296; baseline -0.005 -12"><span class='ocrx_word' id='word_1_326' title='bbox 74 2245 265 2296; x_wconf 87' lang='lat' dir='ltr'>praesidio</span> <span class='ocrx_word' id='word_1_327' title='bbox 288 2251 408 2289; x_wconf 78' lang='lat' dir='ltr'>erant,</span> <span class='ocrx_word' id='word_1_328' title='bbox 434 2250 471 2282; x_wconf 89' lang='lat' dir='ltr'>et</span> <span class='ocrx_word' id='word_1_329' title='bbox 501 2245 626 2282; x_wconf 88' lang='lat' dir='ltr'>omnia</span> <span class='ocrx_word' id='word_1_330' title='bbox 658 2246 778 2294; x_wconf 78' lang='lat' dir='ltr'>magis</span> <span class='ocrx_word' id='word_1_331' title='bbox 809 2256 923 2295; x_wconf 90' lang='lat' dir='ltr'>quam</span> <span class='ocrx_word' id='word_1_332' title='bbox 950 2243 1141 2294; x_wconf 89' lang='lat' dir='ltr'>proelium</span> <span class='ocrx_word' id='word_1_333' title='bbox 1165 2247 1367 2292; x_wconf 84' lang='lat' dir='ltr'>expectan-</span> 
     </span>
    </p>
   </div>
  </div>
 </body>
</html>
