1537 2512
113 75 165 116 58
384 90 438 115 m:
468 88 602 115 nmmo
634 87 896 115 vavivrflmo
931 87 967 114 c.
997 82 1053 116 31.
1083 81 1140 116 32.

114 192 226 238 atque
247 197 374 236 paces,
393 190 588 236 postremo
607 185 731 224 divina
747 190 785 224 et
803 185 971 224 humana
987 184 1113 222 omnia
1128 194 1247 234 penes
1263 193 1407 234 paucos

113 246 234 286 erant,
266 252 332 279 vos
354 245 493 285 autem,
521 240 595 279 hoc
624 245 682 279 est
709 239 874 291 populus
893 239 1101 283 Romanus,
1120 239 1247 277 invicti
1267 237 1314 277 ab
1335 236 1406 276 ho-

114 296 246 340 stibus,
255 295 507 346 imperatores
523 296 693 334 omnium
713 295 895 344 gentium,
917 295 1007 333 satis
1021 293 1221 332 habebatis
1241 293 1406 332 animam

114 352 301 390 retinere:
331 362 423 390 nam
451 351 674 390 servitutem
704 350 858 400 quidem
895 351 979 399 quis
1017 353 1188 388 vostrum
1224 358 1407 387 recusare

116 405 304 445 audebat?
1421 418 1436 442 ⁵

59 469 99 500 21
226 462 350 511 Atque
373 471 457 510 ego,
489 461 638 499 tametsi
660 461 739 498 viro
761 459 1112 509 flagitiosissumum
1139 459 1326 497 existumo
1350 457 1407 495 in-

114 527 217 566 pune
238 517 415 554 iniuriam
435 516 645 566 accepisse,
674 521 802 554 tamen
822 526 888 552 vos
909 513 1129 552 hominibus
1148 512 1408 552 sceleratissu-

115 572 186 609 mis
206 572 418 621 ignoscere,
442 571 622 621 quoniam
645 571 744 609 cives
764 574 868 613 sunt,
892 581 1013 620 aequo
1035 569 1161 607 animo
1183 573 1349 617 paterer,
1371 567 1409 604 ni

59 633 102 665 22
115 626 377 665 misericordia
401 627 437 664 in
458 626 661 676 pernitiem
681 637 817 664 casura
840 628 951 663 esset.
995 623 1091 662 ‘Nam
1113 629 1148 662 et
1171 622 1262 666 illis,
1289 633 1409 673 quan-

115 686 196 720 tum
223 682 507 732 inportunitatis
538 681 691 725 hahent,
713 691 851 731 parum
879 684 936 718 est
964 680 1108 729 inpune
1135 677 1234 717 male
1261 677 1407 721 recisse,
1425 691 1454 716 10
1502 723 1506 725 λ

114 737 187 775 nisi
215 737 352 775 deinde
384 736 551 775 faciundi
580 735 732 774 licentia
766 735 946 785 eripitur,
972 739 1009 773 et
1029 733 1136 772 vobis
1157 738 1313 772 aeterna
1334 731 1408 770 sol-

115 791 271 831 licitudo
301 791 533 836 remanebit,
575 803 663 830 cum
691 789 918 838 intellegetis
954 795 1018 828 aut
1047 788 1295 828 serviundum
1327 797 1410 826 esse

60 851 104 885 23
118 851 182 885 aut
201 859 271 897 per
292 858 427 885 manus
446 846 661 886 libertatem
676 845 927 885 retinendam.
955 844 1050 883 Nam
1066 845 1153 883 fidei
1174 843 1326 895 quidem
1348 847 1411 881 aut

117 902 346 941 concordiae
375 913 473 952 quae
503 913 591 952 spes
621 902 700 940 est?
738 900 933 939 Dominari
962 899 1014 938 illi
1039 899 1184 943 volunt,
1210 910 1276 937 vos
1299 897 1411 936 liberi

117 969 220 996 esse:
244 957 372 996 facere
393 957 445 995 illi
468 957 636 1000 iniurias,
656 967 723 994 vos
746 955 972 1006 prohibere:
996 960 1191 1005 postremo
1212 954 1324 992 sociis
1344 964 1408 991 vo·
1424 965 1455 991 ιε,

58 1016 102 1047 24
116 1013 203 1051 stris
235 1012 350 1051 veluti
369 1011 555 1056 hostibus,
585 1011 759 1050 hostibus
788 1023 859 1061 pro
881 1011 992 1049 sociis
1015 1015 1188 1049 utuntur.
1231 1009 1410 1047 Potestne

116 1069 153 1106 in
171 1072 248 1107 tam
279 1068 438 1106 divorsis
469 1067 660 1106 mentibus
689 1078 764 1116 pax
793 1071 858 1105 aut
887 1067 1048 1104 amicitia
1069 1064 1176 1104 esse?

60 1127 103 1160 25
229 1123 311 1169 Qua
331 1134 376 1161 re
398 1122 770 1172 moneo-hortorque
789 1133 876 1165 vos,
909 1133 957 1160 ne
983 1126 1131 1159 tantum
1151 1117 1277 1158 scelus
1300 1119 1409 1168 inpu-

115 1179 238 1217 nitum
257 1179 449 1217 omittatis.
481 1177 565 1217 Non
587 1177 785 1228 peculatus
810 1178 934 1215 aerari
954 1176 1076 1214 sactus
1098 1180 1173 1221 est,
1194 1185 1319 1225 neque
1340 1184 1410 1223 per

117 1234 191 1271 vim
219 1234 332 1271 sociis
359 1238 512 1282 ereptae
537 1234 744 1283 pecuniae,
776 1245 874 1282 quae
895 1243 1128 1282 quamquam
1157 1230 1286 1279 gravia
1309 1234 1408 1271 sunt,
1425 1240 1457 1265 πο

115 1293 244 1327 tamen
273 1288 549 1327 consuetudine
579 1289 652 1326 iam
684 1299 753 1336 pro
784 1287 902 1325 nihilo
932 1286 1143 1325 habentur:
1175 1285 1274 1324 hosti
1304 1295 1411 1322 acer-

116 1355 228 1382 rumo
247 1343 559 1393 proditasenatus
576 1343 795 1384 auctoritas,
814 1339 1010 1391 proditum
1023 1340 1230 1386 imperium
1241 1344 1410 1378 vostrum

60 1403 103 1437 26
118 1403 194 1437 est:
225 1398 329 1437 domi
352 1397 583 1448 militiaeque
612 1407 677 1434 res
705 1395 858 1446 publica
885 1394 1052 1433 vaenalis
1073 1395 1158 1433 suit.
1203 1394 1309 1440 Quae
1341 1394 1413 1432 nisi

118 1455 288 1505 quaesita
310 1458 440 1498 erunt,
462 1453 532 1490 nisi
553 1452 785 1490 vindicatum
806 1452 843 1489 in
864 1452 1010 1495 noxios,
1031 1450 1121 1501 quid
1143 1451 1215 1489 erit
1236 1449 1408 1492 relicum,

117 1510 188 1548 nisi
207 1514 249 1548 ut
269 1508 352 1553 illis,
376 1510 498 1558 quiea
515 1506 654 1551 fecere,
677 1506 924 1545 oboedientes
940 1506 1132 1544 vivamus?
1155 1505 1251 1545 Nam
1267 1505 1411 1555 inpune
1425 1517 1456 1543 25

117 1575 215 1616 quae
243 1563 349 1603 lubet
379 1564 505 1602 facere
535 1563 572 1601 id
602 1567 658 1600 est
678 1573 810 1611 regem
841 1573 936 1600 esse.

63 1624 106 1656 27
230 1618 364 1669 Neque
387 1629 457 1667 ego
478 1629 555 1661 vos,
579 1616 756 1661 Quirites,
773 1616 919 1660 hortor,
943 1621 984 1654 ut
1002 1615 1140 1654 malitis
1157 1616 1246 1654 civis
1264 1620 1411 1654 vostros

117 1686 322 1725 perperam
338 1685 453 1724 quam
473 1677 578 1711 recte
599 1672 744 1716 secisse,
767 1676 824 1710 set
839 1683 887 1710 ne
905 1671 1138 1720 ignoscundo
1158 1670 1267 1709 malis
1288 1669 1411 1708 bonos

61 1736 104 1769 28
118 1730 311 1780 perditum
331 1730 436 1768 eatis.
469 1727 525 1766 Ad
545 1727 619 1766 hoc
638 1728 675 1780 in
692 1739 735 1766 re
750 1726 903 1777 publica
926 1726 1045 1765 multo
1068 1730 1238 1776 praestat
1258 1725 1411 1764 benifici

112 1793 229 1832 quam
250 1783 406 1823 malifici
428 1785 685 1822 inmemorem
695 1794 799 1822 esse:
813 1781 937 1820 bonus
956 1787 1104 1820 tantum
1121 1781 1234 1820 modo
1257 1781 1411 1830 segnior
1425 1794 1458 1818 ω

60 1841 103 1873 29
117 1840 159 1878 fit
186 1838 251 1878 ubi
283 1838 485 1888 neglegas,
518 1843 555 1877 at
584 1837 706 1877 malus
737 1836 948 1887 inprobior.
1001 1837 1057 1875 Ad
1086 1837 1160 1875 hoe
1191 1837 1220 1875 si
1253 1837 1412 1875 iniuriae

117 1906 195 1933 non
220 1895 312 1938 sint,
336 1894 428 1933 haut
457 1905 571 1943 saepe
595 1892 708 1931 auxili
733 1891 870 1942 egeas!

51 1944 102 1984 32
229 1949 332 1988 llaec
354 1954 467 1999 atque
478 1948 549 1987 alia
568 1947 729 1986 huiusce
747 1947 851 1986 modi
867 1946 1021 1997 saepius
1037 1945 1412 1986 dicundoMemmius

116 2003 258 2055 populo
279 2003 497 2054 persuadet,
526 2005 580 2042 uti
609 2002 648 2041 L.
676 2002 836 2045 Cassius,
868 2003 930 2052 qui
961 2007 1041 2040 tum
1063 2006 1219 2050 praetor
1242 2007 1335 2043 erat,
1364 2001 1410 2039 ad

120 2058 340 2109 Iugurthain
367 2060 602 2101 mitteretur,
636 2069 801 2108 eumque
822 2057 1044 2107 interposita
1065 2056 1140 2095 tide
1164 2055 1315 2106 publica
1335 2055 1410 2095 Ro-
1426 2070 1458 2097 ³5

120 2127 221 2154 mam
252 2114 431 2158 duceret,
477 2126 552 2164 quo
591 2112 736 2151 facilius
779 2112 917 2151 indic10
954 2113 1055 2161 regis
1084 2111 1218 2149 Scauri
1253 2117 1290 2150 et
1323 2110 1411 2150 reli-

121 2182 302 2213 cuorum,
340 2179 436 2219 quos
465 2169 649 2218 pecuniae
682 2174 813 2217 captae
844 2165 1113 2209 accersebant,
1140 2165 1274 2205 delicta
1307 2171 1412 2217 pate·

120 2226 268 2265 fierent.
