1537 2512
158 85 210 123 76
442 98 497 122 m:
527 96 663 122 BELLO
696 95 930 123 vavm-mo
964 95 1001 123 e,
1031 91 1087 125 62.
1118 90 1175 124 63.

91 195 144 235 62
157 201 228 240 ret,
252 196 333 245 ipse
362 205 432 245 per
453 193 691 232 conditiones
717 193 765 232 ad
787 194 1016 244 subplicium
1038 194 1268 233 traderetur.
1309 193 1358 239 Is,
1388 195 1456 234 ubi

157 252 326 301 primum
338 254 602 300 opportunum
617 247 939 297 fuit‚1ugurtham
965 250 1120 287 anxium
1144 261 1189 288 ac
1208 250 1455 290 miserantem

157 307 333 344 fortunas
363 316 452 344 suas
476 304 650 346 adcedit:
685 309 817 342 monet
850 310 965 355 atque
993 303 1213 343 lacrumans
1242 304 1455 345 obtestatur

158 362 212 400 uti
242 359 446 411 aliquando
476 358 548 398 sibi
571 359 781 409 liberisque
811 364 849 398 et
870 360 974 409 genti
1001 359 1267 405 Numidarum,
1298 365 1456 411 optume

1455 0 1537 223 1

1527 226 1537 344 ἒ

157 418 332 460 merenti,
354 415 571 466 provideat:
594 414 772 453 omnibus
796 415 951 465 proeliis
971 426 1057 453 sese
1077 416 1206 460 victos,
1230 427 1368 466 agrum
1390 428 1484 455 vat-5
1534 419 1537 450 ξ

158 476 311 516 513111111,
338 471 480 510 multos
510 469 683 508 mortalis
714 474 845 519 captos
867 471 1034 514 occisos,
1065 472 1177 519 regni
1197 482 1290 521 opes
1312 472 1456 510 conmi-

156 532 268 566 nutas
285 538 389 566 esse:
410 527 500 564 satis
521 537 636 576 saepe
656 526 730 564 iam
753 530 790 563 et
809 526 988 564 virtutem
1014 525 1177 564 militum
1201 531 1239 564 et
1261 525 1456 566 fortunam

157 586 398 632 temptatam:
422 586 553 620 caveat
575 592 623 619 ne
643 580 706 619 illo
730 585 933 619 cunctante
948 580 1136 619 Numidae
1152 581 1224 619 sibi
1244 581 1457 627 consulant,

123 647 143 677 2
157 637 224 676 His
251 642 366 688 atque
389 636 528 676 talibus
549 636 631 675 aliis
654 637 702 674 ad
725 635 958 674 deditionem
981 637 1085 686 regis
1106 637 1276 676 animum
1297 636 1457 687 inpellit.

121 693 360 732 3Mittuntur
391 692 437 731 ad
453 694 727 743 imperatorem
755 691 890 740 legati,
936 693 1001 741 qui
1029 691 1254 742 Iugurtham
1271 693 1504 743 imperatam

157 749 349 787 facturum
377 748 551 787 dicerent
579 759 624 786 ac
651 748 732 786 sine
770 746 846 785 ulla
886 748 1064 796 pacfione
1099 758 1184 786 sese
1214 758 1457 799 regnumque

121 813 142 843 4
157 815 270 843 51111111
299 805 338 842 111
367 803 467 842 1111115
487 804 603 842 fidem
622 803 789 841 tradere.
831 801 1007 841 Metellus
1027 814 1197 856 propere
1219 808 1378 842 cunctos
1398 815 1457 842 se-

156 860 297 898 natorii
317 859 461 898 ordinis
482 872 529 898 ex
551 858 723 898 hibernis
748 859 894 897 accersi
914 858 1041 897 iubet:
1070 870 1205 897 eorum
1216 864 1259 898 'et
1281 858 1456 904 aliorum,

122 925 142 955 5
158 926 255 965 quos
274 915 434 954 idoneos
454 914 632 958 ducebat,
655 914 854 952 consilium
881 913 1009 952 habet.
1054 914 1110 952 Ita
1131 926 1240 953 more
1267 915 1458 953 maiorum

159 982 206 1009 ex
231 970 366 1009 consili
404 970 560 1009 decreto
600 981 671 1019 per
699 969 845 1018 legatos
880 969 1090 1019 Iugurthae
1117 971 1286 1020 imperat
1309 971 1502 1020 argentiis

157 1025 287 1076 pondo
315 1026 480 1064 ducenta
509 1024 631 1068 milia,
674 1024 898 1074 elephantos
929 1026 1071 1069 omnis,
1114 1037 1302 1075 equorum
1332 1030 1369 1065 et
1399 1038 1460 1064 ar-

122 1088 312 1120 &morum
341 1081 591 1132 aliquantum.
617 1079 723 1125 Quae
753 1085 957 1131 postquam
988 1081 1068 1119 sine
1099 1092 1207 1119 mora
1235 1081 1333 1120 facta
1359 1087 1459 1126 sunt,

123 1143 141 1173 7
158 1136 265 1175 iubet
294 1138 418 1175 omnis
437 1136 620 1186 perfugas
648 1137 796 1174 vinctos
824 1136 974 1175 adduci.
1025 1136 1170 1176 Eorum
1194 1149 1333 1188 magna
1357 1148 1458 1187 pars,

157 1193 212 1230 uti
233 1193 379 1231 iussum
401 1197 495 1236 erat,
518 1192 683 1234 adducti,
716 1193 839 1241 pauci,
862 1203 950 1230 cum
971 1193 1138 1241 primum
1160 1192 1300 1231 deditio
1322 1194 1459 1243 coepit,

124 1254 145 1286 8
160 1248 207 1286 ad
226 1258 360 1296 regem
385 1247 585 1286 Bocchum
605 1248 643 1285 in
652 1247 929 1287 Mauretaniam
951 1247 1136 1286 abierant.
1184 1247 1304 1298 Igitur
1325 1248 1459 1297 Iugur·
1473 1261 1507 1287 πο

159 1302 236 1347 1113,
269 1302 333 1341 ubi
362 1304 480 1341 armis
504 1303 672 1352 virisque
703 1307 741 1341 et
766 1304 929 1352 pecunia
951 1303 1134 1353 spoliatus
1164 1309 1238 1348 est,
1272 1305 1461 1354 cumipse

159 1358 207 1397 ad
227 1358 504 1410 imperandum
519 1357 704 1397 Tisidium
736 1365 956 1402 vocaretur,
989 1370 1124 1397 rursus
1155 1361 1280 1409 coepit
1307 1359 1462 1398 flectere

123 1414 329 1452 eanimum
360 1425 473 1452 suum
503 1418 540 1452 et
566 1425 612 1452 ex
641 1413 740 1452 mala
763 1414 995 1452 conscientia
1019 1414 1132 1464 digna
1154 1416 1302 1453 timere.
1347 1414 1461 1454 Deni-

160 1481 234 1519 que
255 1469 385 1507 multis
407 1468 544 1508 diebus
563 1480 634 1519 per
661 1469 938 1508 dubitationem
962 1471 1211 1520 consumptis,
1235 1483 1322 1509 cum
1345 1471 1461 1509 modo

159 1525 283 1563 taedio
313 1536 448 1563 rerum
477 1525 727 1563 advorsarum
756 1526 882 1563 onmia
905 1524 1005 1564 bello
1030 1527 1180 1575 potiora
1206 1526 1377 1570 duceret,
1405 1527 1460 1565 in-
1475 1537 1507 1562 25

159 1580 312 1619 terdum
332 1591 463 1619 secum
484 1581 564 1630 ipse
585 1586 784 1630 reputaret
801 1593 914 1630 qnam
935 1582 1060 1630 gravis
1076 1593 1187 1619 casus
1207 1582 1244 1620 111
1267 1582 1461 1621 servitium

160 1647 206 1674 ex
225 1646 348 1685 regno
369 1634 480 1679 soret,
509 1634 638 1673 multis
659 1637 883 1685 magnisque
902 1636 1102 1684 praesidiis
1118 1638 1352 1688 nequiquam
1373 1648 1461 1687 per-

105 1694 146 1727 10
162 1691 248 1730 ditis
278 1691 325 1730 de
354 1691 505 1740 integro
536 1690 680 1729 bellum
701 1692 827 1729 sumit.
886 1691 932 1728 Et
953 1691 1098 1730 Romae
1119 1698 1273 1730 senatus
1298 1692 1345 1730 de
1371 1704 1461 1742 pro·

159 1747 291 1785 vinciis
318 1745 516 1784 consultus
538 1745 755 1785 Numidiam
780 1745 931 1784 Metello
956 1747 1191 1785 decreverat.

91 1800 142 1839 63
268 1801 344 1840 Per
374 1802 475 1840 idem
505 1806 656 1851 tempus
684 1801 814 1840 Uticae
853 1802 951 1840 forte
979 1803 1022 1841 G.
1053 1801 1171 1840 Mario
1209 1815 1279 1852 per
1319 1803 1509 1842 hostiasao

160 1857 240 1896 deis
272 1856 503 1907 subplicanti
536 1869 673 1907 magna
704 1862 818 1907 atquc
855 1857 1043 1896 mirabilia
1065 1858 1244 1908 portendi
1266 1859 1461 1909 haruspex

160 1913 328 1951 dixerat:
363 1913 538 1962 proinde,
565 1924 663 1963 quac
691 1914 817 1950 31111110
845 1913 1022 1962 agitabat,
1056 1914 1177 1952 frctus
1208 1914 1289 1953 deis
1317 1920 1459 1964 ageret,

162 1968 356 2006 fortunam
387 1980 502 2018 quam
530 1969 765 2017 saepissume
797 1969 1058 2017 experiretur,
1101 1974 1237 2007 cuncta
1275 1981 1461 2019 prospere

130 2028 361 2061 2eventura.
429 2024 477 2061 At
515 2023 621 2061 illum
652 2025 725 2061 iam
767 2030 875 2061 antea
910 2024 1130 2063 consulatus
1157 2025 1292 2074 ingens
1322 2025 1461 2075 cupido

161 2078 389 2128 exagitabat,
416 2079 463 2116 ad
484 2091 600 2128 quem
622 2079 852 2128 capiundum
877 2085 1029 2128 practer
1050 2085 1276 2118 vetustatem
1299 2079 1507 2119 familiaess

161 2133 232 2173 alia
253 2134 380 2172 omnia
404 2133 557 2171 abunde
581 2140 702 2178 erant,
726 2135 911 2172 industria
932 2134 1115 2184 probitas,
1139 2134 1293 2174 militiae
1323 2147 1460 2186 magna

159 2190 316 2228 scientia
346 2190 497 2227 animus
528 2188 616 2226 belii
648 2191 800 2238 ingens:
840 2189 945 2227 domi
983 2191 1173 2233 modicus,
1215 2189 1396 2230 lubidinis
1425 2195 1464 2228 et

161 2244 376 2283 divitiarum
409 2245 539 2284 victor.
577 2249 723 2283 1311111111
755 2245 869 2283 modo
899 2245 1043 2294 gloriae
1070 2245 1214 2283 avidus,
