1537 2512
129 75 206 116 104
376 87 432 112 m:
461 86 597 113 nemo
626 85 892 114 xvcvwrnmo
926 86 963 114 c.
996 81 1073 116 106.
1105 80 1181 117 107.

125 185 332 225 adveniens
356 188 602 235 quaestorem
633 184 798 235 adpellat
818 185 984 237 dicitque
1013 197 1055 224 se
1085 197 1104 224 a
1134 190 1245 236 patre
1275 184 1431 226 Boccho

128 240 278 279 obviam
314 239 386 278 illis
425 239 537 278 simul
577 244 614 279 et
643 240 833 290 praesidio
863 242 1035 280 missum.
1099 240 1245 280 Deinde
1275 253 1364 280 eum
1394 247 1432 281 et

91 305 360 346 2proxumum
383 295 483 334 diem
507 296 589 334 sine
609 300 715 334 metu
736 297 930 335 coniuncti
961 301 1063 335 eunt.
1097 295 1190 335 Post
1214 295 1280 335 ubi
1306 303 1429 336 castra

125 351 247 390 locata
271 355 308 389 et
334 349 409 389 diei
432 361 566 400 vesper
592 355 686 396 erat,
708 356 869 401 repente
890 351 1046 390 Maurus
1067 352 1215 390 incerto
1235 351 1339 390 voltu
1364 363 1429 402 pa·

125 417 218 445 rens
240 406 287 445 ad
313 405 458 445 Sullam
483 406 655 444 adcurrit
676 406 843 457 dicitque
864 406 936 445 sibi
968 419 1014 446 ex
1034 406 1341 457 speculatoribus
1366 419 1428 446 co-
1443 421 1459 446 ⁵

127 462 296 512 gnitum,
337 461 564 511 Iugurtham
602 461 695 499 haut
724 462 860 511 procul
891 462 1046 501 abesse:
1088 461 1201 501 simul
1230 463 1284 501 uti
1313 468 1430 502 noctu

89 524 110 557 3
127 517 226 556 clam
255 528 388 556 secum
417 516 655 567 profugeret,
687 522 798 568 rogat
824 522 938 568 atque
965 518 1155 556 hortatur.
1217 517 1283 556 Ille
1304 519 1431 556 animo

128 572 249 612 feroci
271 576 388 622 negat
410 583 451 611 se
480 572 618 610 totiens
643 572 771 612 susum
795 573 1001 612 Numidam
1030 573 1326 623 pertimescere:
1357 573 1430 611 vir·

125 629 198 667 tuti
226 639 388 667 suorum
424 628 514 666 satis
546 628 726 667 credere:
764 629 877 667 etiam
914 629 945 666 si
980 633 1083 667 certa
1121 629 1238 678 pestis
1268 628 1429 673 adesset,
1534 652 1537 676 :

125 695 353 735 mansurum
375 684 502 733 potius
523 695 637 734 quam
662 683 834 733 proditis,
866 695 962 734 quos
991 683 1175 728 ducebat,
1209 685 1311 734 turpi
1340 683 1475 733 fugato
1521 687 1537 731 -ῗ

126 740 296 778 incertae
318 750 362 777 ac
385 738 544 777 forsitan
565 743 651 788 post
670 737 783 788 paulo
813 739 951 778 morbo
979 740 1204 778 interiturae
1223 739 1321 778 vitae
1341 750 1430 789 par·
1533 739 1537 745 ’

86 807 111 838 4
126 800 242 834 ceret.
291 794 470 833 Ceterum
491 794 538 832 ab
566 793 701 833 eodem
726 795 893 833 monitus
918 796 972 834 uti
1000 799 1116 834 noctu
1138 794 1430 845 proficisceren-

125 855 208 894 tur,
251 849 452 888 consilium
483 849 690 899 adprobat,
731 862 776 889 ac
810 851 935 888 statim
969 850 1106 889 milites
1136 854 1317 889 coenatos
1346 861 1431 889 esse

125 907 164 944 in
190 906 326 944 castris
354 905 530 955 ignisque
551 917 665 955 quam
689 904 962 944 creberrumos
986 907 1081 949 fieri,
1113 906 1199 944 dein
1224 906 1347 956 prima
1377 906 1429 944 vi·
1535 932 1537 938 1

89 960 210 1010 5gilia
242 959 393 999 silentio
425 960 556 1010 egredi
583 959 700 998 iubet.
751 960 907 1011 lamque
936 966 1126 1000 nocturno
1157 962 1293 1000 itinere
1323 961 1477 1000 fessisis
1535 982 1537 986 ι

130 1015 309 1054 omnibus
330 1015 433 1054 Sulla
453 1016 598 1066 pariter
619 1028 704 1054 cum
728 1020 815 1054 ortu
837 1016 925 1054 solis
948 1021 1071 1055 castra
1093 1016 1322 1060 metabatur,
1343 1028 1432 1056 cum

130 1072 278 1122 equites
301 1071 424 1110 Mauri
439 1072 617 1110 nuntiant
640 1071 866 1120 Iugurtham
885 1072 1038 1111 circiter
1062 1072 1180 1111 duum
1206 1071 1352 1111 milium
1374 1073 1431 1111 in-

89 1134 110 1167 6
128 1126 285 1166 tervallo
308 1131 396 1166 ante
416 1138 482 1165 cos
509 1125 740 1165 consedisse.
799 1126 907 1171 Quod
932 1133 1134 1178 postquam
1162 1127 1334 1166 auditum
1361 1132 1429 1172 est,

124 1189 207 1221 tum
230 1194 322 1221 vero
354 1183 491 1231 ingens
512 1187 638 1220 metus
656 1187 809 1220 nostros
832 1183 992 1221 invadit:
1019 1183 1179 1222 credere
1199 1195 1239 1222 se
1257 1184 1431 1233 proditos

126 1249 147 1276 a
177 1236 320 1276 Voluce
351 1242 388 1276 et
418 1237 562 1276 insidiis
593 1238 893 1282 circumventos,
927 1250 972 1277 ac
1001 1239 1128 1282 fuere,
1164 1239 1228 1289 qui
1258 1239 1477 1278 dicerentzo

126 1304 243 1332 manu
264 1292 534 1331 vindicandum
556 1304 683 1343 neque
703 1293 803 1342 apud
825 1292 930 1332 illum
953 1298 1099 1332 tantum
1122 1293 1247 1333 scelus
1268 1293 1430 1333 inultum

62 1347 460 1399 lO7relinquendum.
505 1349 553 1386 At
582 1347 704 1392 Sulla,
736 1360 968 1399 quamquam
1000 1349 1134 1388 eadem
1165 1348 1429 1394 existumabat,

126 1412 256 1445 tamen
287 1403 333 1442 ab
361 1404 498 1442 iniuria
524 1402 700 1442 Maurum
725 1404 924 1453 prohibet:
956 1415 1047 1443 suos
1075 1404 1252 1443 hortatur
1274 1406 1327 1444 uti
1352 1405 1430 1444 sor·

127 1468 204 1501 tem
237 1460 407 1498 animum
437 1463 637 1509 gererent:
674 1470 788 1509 saepe
806 1464 918 1498 antea
934 1461 1067 1510 paucis
1094 1461 1261 1499 strenuis
1292 1461 1428 1500 advor-

127 1527 212 1556 sum
235 1513 518 1553 multitudinem
547 1513 646 1553 bene
670 1520 904 1565 pugnatum:
938 1520 1081 1566 quanto
1112 1515 1183 1554 sibi
1212 1517 1250 1554 in
1282 1516 1429 1566 proelio
1442 1529 1479 1554 2⁵

127 1572 254 1611 minus
275 1570 557 1620 pepercissent,
579 1574 684 1608 tanto
712 1571 873 1609 tutiores
898 1571 999 1610 sore:
1022 1582 1094 1610 nec
1111 1583 1341 1622 quemquam
1364 1571 1429 1610 de-

128 1638 236 1670 cere,
276 1626 341 1675 qui
371 1636 508 1663 manus
537 1626 759 1667 armaverit,
795 1625 841 1664 ab
870 1627 1027 1665 inermis
1057 1626 1220 1677 pedibus
1247 1626 1429 1666 auxilium

126 1687 276 1734 petere,
312 1682 348 1719 in
375 1691 555 1720 maxumo
578 1686 682 1719 metu
703 1681 849 1719 nudum
877 1688 912 1720 et
936 1694 1094 1721 caecum
1124 1693 1265 1732 corpus
1286 1683 1332 1721 ad
1360 1682 1429 1721 ho-

92 1740 194 1778 2stis
244 1741 410 1776 vortere.
491 1737 583 1775 Dein
629 1736 835 1780 Volucem,
875 1738 1055 1787 quoniam
1087 1736 1234 1776 hostilia
1273 1737 1427 1779 faceret.

126 1794 253 1833 Iovem
284 1803 506 1831 maxumum
531 1791 740 1831 obtestatus
758 1798 800 1831 ut
817 1792 972 1831 sceleris
996 1798 1109 1844 atque
1133 1793 1313 1842 perfidiae
1332 1793 1428 1832 Boc·
1443 1803 1477 1829 :io

89 1849 187 1893 3chi
216 1849 321 1887 testis
356 1847 524 1891 adesset,
554 1860 599 1886 ex
631 1849 764 1886 castris
794 1847 900 1886 abire
938 1848 1054 1887 iubet.
1116 1848 1182 1887 ille
1211 1847 1430 1888 lacrumans

127 1917 239 1943 orare
260 1915 309 1943 ne
332 1915 375 1942 ea
398 1903 594 1942 crederet:
616 1904 708 1942 nihil
731 1904 817 1942 dolo
840 1903 994 1948 sactum,
1018 1916 1062 1943 ac
1085 1905 1206 1955 magis
1227 1903 1428 1943 calliditate

127 1959 349 2010 Iugurthae,
377 1960 437 1998 cui
459 1959 633 1998 videlicet
648 1959 859 2010 speculanti
877 1961 948 1998 iter
963 1972 1076 1999 suum
1094 1961 1287 2010 cognitum
1305 1966 1427 1999 esset:

89 2025 112 2055 4
128 2021 300 2055 ceterum
332 2016 511 2065 quoniam
541 2027 666 2067 neque
683 2016 876 2065 ingentem
899 2015 1180 2055 multitudinem
1203 2015 1365 2055 haberet
1391 2021 1429 2054 et

126 2082 215 2122 spes
253 2082 422 2121 opesque
448 2072 528 2109 eius
561 2083 604 2109 cx
637 2076 745 2121 patre
775 2083 844 2109 suo
869 2071 1095 2121 penderent,
1129 2070 1289 2110 credere
1319 2069 1473 2110 illumss

91 2125 221 2168 5nihil
251 2125 376 2176 palam
399 2138 595 2169 ausurum.
620 2139 706 2165 cum
729 2127 808 2177 ipse
834 2126 932 2165 filius
955 2128 1059 2166 testis
1091 2127 1257 2166 adesset:
1287 2138 1361 2177 qua
1383 2138 1427 2166 re

125 2187 325 2233 optumum
360 2181 459 2220 sactu
486 2182 622 2223 videri.
656 2194 725 2232 per
753 2182 876 2221 media
906 2184 986 2221 eius
1009 2187 1131 2222 castra
1156 2181 1280 2232 palam
1303 2188 1427 2221 trans·

125 2239 198 2276 ire:
241 2249 323 2275 sese
364 2236 421 2275 vel
459 2239 676 2287 praemissis
707 2237 762 2276 vel
790 2238 928 2277 ibidem
961 2237 1102 2277 relictis
1133 2237 1272 2276 Mauris
1302 2235 1426 2277 colum
