1537 2512
131 74 208 115 108
486 86 727 114 omnonns
751 87 804 112 ΕΤ
834 85 1071 114 nms'rumffl

290 383 710 438 ORATIONES
740 383 832 438 ET
859 383 1270 437 EPISTULAE

751 499 803 523 Ex

367 583 715 634 HISTORIIS
753 584 1183 634 EXCERPTAE.

129 807 185 846 M.
216 807 357 846 Aemili
387 807 530 856 Lepide·
564 810 733 847 consulis
769 809 825 847 ad
848 810 1034 857 populum
1063 807 1281 847 Romanum
1307 808 1433 846 oratio

611 869 750 903 contra
779 863 943 903 Sullam.

88 971 103 1002 1
241 950 460 1006 Clementia
494 972 531 1006 et
567 967 739 1018 probitas
777 973 925 1012 vostra,
963 968 1149 1013 Quirites,
1190 967 1330 1017 quibus
1359 978 1430 1017 per

130 1027 279 1062 ceteras
317 1023 441 1071 gentis
479 1024 648 1062 maxumi
677 1027 714 1062 et
750 1023 842 1062 clari
873 1024 982 1067 estis,
1022 1022 1245 1073 plurumum
1284 1023 1430 1061 timoris

129 1078 222 1117 mihi
262 1078 408 1117 faciunt
445 1078 651 1117 advorsum
691 1079 932 1130 tyrannidem
961 1079 1003 1117 L.
1039 1077 1186 1122 Sullae,
1227 1089 1295 1122 ne,
1332 1089 1430 1129 quae

131 1134 204 1184 ipsi
233 1133 399 1172 nefanda
431 1135 687 1179 existumatis,
719 1146 762 1173 ea
788 1146 926 1185 parum
948 1133 1142 1173 credundo
1173 1133 1220 1173 de
1245 1133 1326 1172 aliis
1355 1134 1430 1173 cir·

131 1189 445 1233 cumveniamini,
481 1212 526 1217 —
561 1191 790 1239 praesertim
820 1202 907 1228 cum
938 1189 989 1229 illi
1017 1201 1106 1240 spes
1135 1189 1258 1228 omnis
1285 1190 1322 1227 in
1347 1201 1429 1229 sce·
1449 1204 1465 1230 5

130 1244 210 1283 lere
237 1248 352 1295 atque
379 1244 539 1294 perfidia
567 1246 615 1283 sit
644 1257 771 1296 neque
802 1256 843 1284 se
873 1246 981 1284 aliter
1006 1249 1129 1283 tutum
1153 1249 1281 1294 putet,
1314 1256 1430 1296 quam

130 1300 159 1338 si
182 1300 291 1349 peior
321 1304 436 1350 atque
465 1299 718 1339 intestabilior
749 1306 853 1339 metu
884 1305 1012 1339 vostro
1044 1300 1178 1344 fuerit,
1211 1312 1286 1351 quo
1310 1301 1430 1351 captis

129 1354 316 1393 libertatis
339 1366 473 1393 curam
498 1356 650 1394 miseria
677 1357 816 1395 eximat
850 1379 894 1384 —
926 1360 1008 1401 aut,
1039 1357 1070 1394 si
1100 1356 1364 1406 provideritis,
1390 1356 1430 1395 in

84 1420 104 1451 2
128 1410 290 1449 vitandis
315 1411 496 1460 periculis
526 1412 646 1460 magis
675 1423 789 1462 quam
819 1411 1040 1451 ulciscendo
1060 1412 1271 1450 teneamini.
1309 1411 1429 1451 Satel-

128 1465 213 1504 lites
244 1466 399 1517 quidem
420 1467 520 1510 eius,
553 1466 729 1506 homines
751 1469 919 1506 maxumi
948 1467 1131 1511 nominis,
1164 1469 1330 1517 optumis
1350 1479 1430 1507 ma·
1443 1482 1475 1510 ιο

129 1522 257 1560 iorum
284 1521 490 1573 exemplis,
523 1533 674 1573 nequeo
701 1524 790 1561 satis
821 1523 972 1567 mirari,
1003 1523 1067 1573 qui
1097 1523 1367 1562 dominationis
1392 1525 1429 1563 in

76 1597 99 1629 ιτ,
129 1587 196 1614 vos
226 1577 420 1615 servitium
451 1589 563 1615 suum
589 1578 809 1617 mercedem
841 1579 931 1616 dant
961 1583 998 1617 et
1025 1583 1233 1630 utrumque
1264 1591 1334 1629 per
1373 1579 1430 1617 in·

130 1632 266 1671 iuriam
302 1631 449 1670 malunt
478 1645 591 1683 quam
624 1639 781 1682 optumo
812 1635 895 1673 iure
924 1633 1036 1673 liberi
1065 1644 1202 1683 agere:
1232 1634 1431 1684 praeclara

101 1683 341 1735 4Brutorum
371 1692 485 1737 atque
517 1688 767 1727 Aemiliorum
799 1695 836 1728 et
871 1689 1108 1728 Lutatiorum
1143 1688 1284 1739 proles,
1313 1690 1430 1740 geniti

130 1742 176 1781 ad
200 1754 263 1785 ea,
298 1755 395 1793 quae
422 1744 586 1782 maiores
618 1745 755 1783 virtute
784 1757 992 1795 peperere.
1025 1744 1299 1783 subvortunda.
1332 1745 1476 1785 Nauna

130 1797 220 1848 quid
252 1810 272 1836 a
297 1798 446 1849 Pyrrho
476 1799 702 1842 Hannibale,
733 1800 986 1851 Philippoque
1016 1805 1053 1839 et
1080 1800 1267 1839 Antiocho
1297 1800 1429 1840 desen-

129 1865 214 1892 sum
242 1858 299 1892 est
329 1853 430 1892 aliud
462 1867 576 1905 quam
605 1855 762 1893 libertas
791 1861 828 1894 et
848 1868 939 1894 suae
966 1857 1103 1906 cuique
1125 1856 1248 1901 seiles,
1274 1868 1350 1896 neu
1368 1857 1430 1896 cui

84 1916 105 1950 5
130 1910 201 1947 nisi
219 1908 369 1959 legibus
395 1911 650 1959 pareremus?
677 1923 775 1961 qnae
799 1917 934 1950 cuncta
957 1923 1115 1950 scaevus
1145 1912 1215 1950 iste
1241 1911 1429 1951 Romulus

130 1965 238 2015 quasi
274 1964 321 2003 ab
361 1967 528 2004 externis
557 1972 664 2016 rapta
697 1972 823 2009 tenet,
855 1979 930 2005 non
967 1972 1021 2005 tot
1051 1968 1290 2006 exercituum
1320 1967 1429 2007 clade

129 2031 255 2070 neque
287 2020 487 2059 consulum
519 2026 556 2060 et
583 2022 743 2061 aliorum
774 2023 1003 2072 principum,
1034 2034 1130 2073 quos
1162 2021 1313 2062 fortuna
1339 2021 1428 2061 belli
1442 2037 1476 2064 πο

130 2082 433 2125 consumpserat,
465 2078 632 2119 satiatus.
665 2084 721 2115 set
751 2084 830 2116 uun
858 2077 1072 2122 crudelior,
1105 2090 1192 2116 cum
1221 2077 1428 2129 plerosque

84 2140 104 2169 6
129 2130 322 2169 secundae
354 2143 416 2169 res
446 2133 483 2170 in
516 2134 800 2172 miserationem
830 2146 874 2172 ex
905 2135 958 2171 ira
992 2139 1158 2172 vortunt.
1191 2134 1290 2178 Quin
1321 2133 1429 2173 solus

129 2186 300 2225 omnium
323 2192 409 2236 post
441 2190 666 2226 memoriam
699 2189 855 2227 humaui
886 2190 1038 2237 generis
1068 2187 1252 2238 subplicia
1280 2189 1316 2227 in
1342 2193 1429 2240 post

129 2240 280 2279 futuros
312 2244 524 2291 conposuit.
559 2245 642 2292 quis
664 2245 770 2293 prius
791 2245 927 2283 iniuria
954 2256 1067 2295 quam
1091 2245 1164 2282 vita
1186 2249 1291 2284 certa
1309 2249 1427 2284 esset:
