1537 2512
335 105 390 129 nn
415 103 551 130 nemo
576 102 845 130 1vovn⁷rnmo
879 102 912 129 0.
945 97 998 131 85.
1029 97 1085 132 86.
1308 93 1357 130 91

58 201 115 240 ria
137 205 176 240 et
197 201 363 251 ignavia,
393 211 597 251 pessumae
617 204 740 244 artes,
772 199 844 238 illis
895 200 960 250 qui
981 199 1136 238 coluere
1160 211 1224 238 eas
1267 200 1361 239 nihil

60 255 258 300 obiiciunt,
289 256 348 294 rei
369 255 547 305 publicae
578 255 756 294 innoxiae
783 254 879 293 cladi
902 259 1002 293 sunt.

171 310 284 350 Nunc
308 311 489 361 quoniam
511 310 595 355 illis,
628 315 813 361 quantum
836 311 910 348 mei
934 321 1075 354 moreS,
1105 321 1183 348 non
1207 310 1359 351 illorum
1373 323 1416 353 44

59 365 201 415 flagitia
216 365 439 416 poscebant,
457 365 651 416 respondi,
671 377 793 417 pauca
813 366 860 404 de
875 377 918 404 re
935 364 1086 415 publica
1107 365 1256 416 loquar.
1278 366 1360 406 Pri·
1373 380 1417 411 45

28 433 47 460 ε
63 432 170 459 mum
195 421 367 459 omnium
389 421 435 459 de
467 421 642 460 Numidia
679 421 826 462 bonum
856 421 997 460 habete
1032 421 1214 463 animum,
1237 420 1362 465 Quiri-

60 481 131 514 tes.
170 474 268 514 Nam
289 488 387 526 quae
408 476 455 514 ad
477 476 552 514 hoc
565 480 719 525 tempus
735 476 960 524 Iugurtham
975 479 1096 514 tutata
1111 481 1212 521 sunt,
1231 478 1358 516 omnia

60 531 289 575 removistis,
310 532 518 575 avaritiam,
535 531 762 581 inperitiam,
788 529 941 582 [atque]
958 530 1192 581 superbiam.
1214 530 1359 571 Deinde
1373 540 1416 572 46

61 587 254 624 exercitus
273 585 326 624 ibi
350 591 418 630 est,
440 586 616 625 locorum
633 587 768 629 sciens,
792 590 850 624 set
870 585 1092 624 mehercule
1117 587 1239 636 magis
1264 592 1360 626 stre-

61 652 163 679 nuus
183 652 299 691 quam
329 640 430 679 felix.
470 641 566 680 Nam
593 652 729 690 magna
752 652 843 691 pars
864 641 946 679 eius
967 641 1121 679 avaritia
1145 647 1210 679 aut
1239 646 1359 681 teme-

13 711 46 737 ,ο
60 696 172 734 ritate
203 695 347 735 ducum
377 696 513 735 adtrita
541 701 611 735 est.
661 696 783 741 Quam
805 695 853 734 ob
876 707 960 734 rem
985 707 1064 740 VOS,
1096 696 1235 746 quibus
1263 697 1360 735 mili·
1374 706 1416 735 47

57 752 151 789 taris
182 755 286 789 aetas
317 757 385 796 est,
418 751 630 790 adnitimini
659 763 812 789 mecum
842 755 879 789 et
908 752 1092 801 capessite
1121 763 1205 789 rem
1235 751 1360 801 publi-

59 817 165 844 cam:
188 817 315 856 neque
336 818 570 857 quemquam
589 818 636 845 ex
660 805 873 845 calamitate
899 805 1061 845 aliorum
1074 810 1138 844 aut
1153 806 1360 856 imperato-

58 873 147 900 rum
174 860 355 911 superbia
382 867 508 900 metus
538 863 695 911 ceperit.
758 861 920 911 Egomet
957 862 996 899 in
1035 862 1188 911 agmine
1225 867 1291 900 aut
1322 863 1360 900 in

58 915 208 965 proelio
231 915 430 955 consultor
451 916 555 955 idem
579 923 616 955 et
643 918 770 955 socius
801 918 966 967 periculi
1002 915 1200 955 vobiscum
1227 917 1359 961 adero,

11 986 46 1012 15
59 983 201 1022 meque
225 982 371 1021 vosque
395 972 433 1010 in
456 971 634 1010 omnibus
655 971 772 1010 rebus
794 973 896 1009 iuxta
919 981 1065 1020 geram.
1117 971 1165 1009 Et
1185 971 1359 1021 profecto
1373 976 1417 1008 <18

59 1026 142 1065 deis
172 1026 390 1065 iuvantibus
421 1027 547 1064 omnia
578 1032 729 1065 matura
757 1031 865 1070 sunt,
901 1027 1056 1064 victoria
1086 1027 1229 1076 praeda
1265 1027 1359 1066 laus.

55 1080 164 1127 Quae
190 1083 221 1120 si
258 1081 373 1120 dubia
400 1086 466 1120 aut
493 1081 630 1132 procul
660 1087 806 1126 essent,
837 1087 965 1120 tamen
997 1082 1120 1119 omnis
1149 1081 1273 1120 honos
1303 1083 1361 1120 rei

59 1136 235 1186 publicae
257 1136 463 1176 subvenire
484 1136 656 1176 decebat.
697 1137 845 1175 Etenim
872 1148 985 1175 nemo
1009 1137 1157 1185 Ignavia
1176 1138 1359 1175 inmorta-
1375 1140 1418 1172 49

59 1191 106 1230 lis
128 1192 252 1231 sactus
278 1197 353 1236 est,
392 1204 519 1243 neque
549 1193 751 1243 quisquam
782 1203 923 1242 parens
951 1191 1083 1230 liberis
1141 1193 1194 1230 uti
1215 1194 1362 1230 aeterni

10 1263 47 1290 πο
62 1247 190 1285 forent
233 1248 388 1297 optavit,
417 1248 538 1298 magis
557 1249 612 1286 uti
641 1247 733 1285 boni
761 1247 988 1296 honestique
1010 1247 1124 1285 vitam
1149 1247 1359 1297 exigerent.

61 1301 177 1341 Plura
194 1302 376 1348 dicerem,
394 1301 580 1347 Quirites,
602 1303 633 1341 si
654 1303 794 1341 timidis
817 1304 997 1340 virtutem
1017 1301 1134 1340 verba
1154 1302 1360 1341 adderent:
1375 1309 1418 1341 50

61 1369 152 1396 nam
173 1358 340 1396 strenuis
369 1357 524 1396 abunde
555 1358 698 1396 dictum
729 1357 848 1407 puto!

174 1412 343 1451 Huiusce
365 1413 470 1451 modi
487 1414 660 1451 oratione
679 1412 809 1451 habita
830 1412 984 1456 Marius,
1008 1418 1213 1463 postquam
1236 1412 1363 1463 plebei
1376 1413 1427 1454 86

61 1468 212 1506 animos
227 1467 405 1506 adrectos
424 1468 545 1512 videt,
567 1479 736 1518 propere
756 1472 978 1512 conmeatu,
1003 1467 1205 1518 stipendio,
1231 1469 1359 1512 armis,

10 1521 142 1564 maliis
170 1522 328 1561 utilibus
364 1523 470 1562 navis
508 1528 664 1563 onerat:
704 1535 791 1561 cum
821 1523 880 1561 his
903 1524 946 1561 A.
981 1522 1162 1561 Manlium
1193 1523 1360 1572 legatum

59 1578 253 1628 proficisci
277 1577 394 1617 iubet.
454 1577 540 1628 Ipse
578 1579 724 1617 interea
752 1577 890 1616 milites
918 1578 1111 1623 scribere,
1143 1589 1222 1616 non
1252 1589 1394 1619 more2

59 1634 251 1671 maiorum
281 1644 408 1684 neque
440 1645 484 1672 ex
502 1633 698 1677 classibus,
721 1638 779 1671 set
807 1634 861 1672 uti
893 1634 1079 1684 cuiusque
1103 1632 1234 1672 lubido
1266 1638 1359 1677 erat,

60 1689 184 1738 capite
215 1700 352 1727 censos
380 1688 600 1740 plerosque.
659 1688 699 1726 ld
730 1688 872 1727 factum
901 1688 963 1727 alii
992 1690 1120 1739 inopia
1152 1688 1392 1733 bonorum,3

60 1742 122 1781 alii
151 1755 221 1793 per
243 1743 489 1782 ambitionem
516 1743 684 1782 consulis
713 1743 992 1787 memorabant,
1018 1743 1119 1794 quod
1149 1743 1195 1781 ab
1228 1755 1273 1782 eo
1294 1754 1359 1792 ge-

11 1809 154 1837 aonere
184 1798 401 1837 celebratus
421 1803 635 1848 auctusque
659 1804 752 1843 erat,
784 1804 821 1836 et
841 1798 986 1836 homini
1011 1799 1221 1847 potentiam
1244 1809 1361 1848 quae-

59 1853 160 1891 renti
191 1855 472 1902 egentissumus
484 1855 649 1903 quisque
667 1855 1045 1903 opportunissumus,
1059 1853 1119 1892 cui
1145 1865 1271 1904 neque
1292 1864 1360 1891 sua

61 1920 163 1952 cara,
187 1909 328 1959 quippe
349 1920 448 1959 quae
467 1908 572 1947 nulla
592 1914 693 1952 sunt,
722 1913 759 1946 et
789 1909 916 1946 onmia
937 1920 1025 1946 cum
1047 1909 1180 1958 precio
1200 1908 1361 1947 honesta

60 1963 248 2002 videntur.

173 2019 292 2068 Igitur
324 2019 466 2058 Marius
503 2031 591 2058 cum
629 2018 823 2069 aliquanto
862 2019 1006 2056 maiore
1041 2030 1206 2057 numero
1247 2031 1396 2070 quam4

15 2073 260 2113 adem-etum
293 2079 375 2113 erat
402 2075 441 2112 in
470 2075 638 2114 Africam
666 2073 865 2124 profectus
889 2074 1021 2124 paucis
1049 2073 1184 2113 diebus
1213 2075 1362 2115 Uticam

62 2129 275 2169 advehitur.
333 2130 535 2169 Exercitus
566 2131 599 2169 ei
627 2129 792 2168 traditur
823 2141 844 2167 a
862 2128 903 2166 P.
925 2128 1066 2167 Rutilio
1099 2129 1241 2180 legato:
1271 2141 1393 2175 nam5

62 2184 237 2224 Metellus
258 2190 507 2235 conspectum
523 2185 618 2224 Mari
634 2184 797 2235 fugerat,
821 2196 868 2222 ne
883 2184 1031 2223 videret
1047 2197 1102 2228 ea,
1120 2196 1219 2235 quae
1234 2186 1358 2225 audita

64 2240 215 2278 animus
233 2240 400 2280 tolerare
421 2242 656 2292 nequiverat.
