1512 2512
94 77 173 105 vm
628 77 856 104 PRAEFATIO
862 95 870 102 .

97 153 257 186 audacior
280 153 421 190 viderer,
454 152 540 185 ultra
569 152 703 184 illorum
727 153 876 184 virorum
901 154 1083 186 sententias
1113 153 1273 196 progredi
1297 152 1400 186 nolui.

96 216 139 222 ——
163 199 195 236 7,
215 199 245 233 1.
271 200 319 231 eis
344 195 610 239 difficultatibus]
633 197 684 230 his
707 198 741 229 d.
766 197 791 229 I.
815 214 858 220 —
883 199 914 234 7,
934 198 964 229 1.
990 198 1102 240 inperi
1126 209 1155 233 c.
1179 196 1220 241 Ι.]
1255 199 1399 239 inperio,

96 249 147 275 set
169 243 210 274 de
233 243 307 275 loco
334 244 387 283 13,
403 243 423 275 5
447 241 557 274 adhuc
573 242 702 274 dubito.
719 259 763 264 —
786 242 818 279 9,
837 243 867 274 2.
894 241 949 273 En
966 241 1128 284 particula
1145 242 1228 274 mihi
1244 249 1403 285 suspecta

96 294 157 322 est.
181 303 226 309 —-
250 289 303 325 10,
324 288 352 319 1.
382 286 493 319 Locus
517 288 563 319 ita
588 286 669 318 mihi
693 285 908 328 refingendus
934 287 1082 326 videtur,
1118 292 1155 319 ut
1181 287 1297 320 liberis
1325 295 1402 318 cum

95 331 218 365 Ursino
249 332 398 365 eiciatur.
449 331 505 363 Ea
527 331 609 363 mihi
634 340 702 362 non
728 331 768 362 ob
793 330 907 369 libros,
932 337 966 362 at
990 331 1032 363 ob
1057 332 1255 364 sententiam
1278 341 1401 373 suspe-

96 383 198 410 ctum.
220 392 265 400 -
291 377 344 414 10,
363 377 393 408 7.
419 377 497 418 quia
520 372 647 419 aetate]
675 375 732 418 qui
754 379 867 407 aetate
892 375 918 410 Ι.
940 392 983 398 -—
1009 377 1061 417 11,
1079 377 1111 408 6.
1138 375 1303 414 Quoniam
1327 374 1404 407 Sal-

94 421 233 454 lustium
257 427 324 453 tam
349 421 454 452 levem
484 420 592 453 fuisse
615 419 750 452 credere
773 429 840 451 non
864 429 1024 462 possum,
1062 427 1098 452 ut
1121 420 1154 453 h.
1170 420 1192 453 1.
1219 429 1304 461 quae
1328 420 1404 462 ipse

95 468 127 504 9,
145 467 165 498 3
190 472 370 505 narrasset,
395 474 535 507 prorsus
562 465 684 497 oblitus
709 470 808 501 esset,
846 466 1064 505 adoptatione
1093 464 1244 497 insulsae
1267 464 1403 506 glossae

97 510 262 552 originem
279 509 399 541 debere
416 516 540 542 statuo.
561 526 602 533 -
620 511 672 547 12,
688 511 719 541 3.
732 519 793 540 sua
809 510 917 541 visens
934 506 1127 552 e.Grutero]
1146 519 1238 541 suam
1254 510 1362 541 visens
1377 508 1402 542 I.

95 573 138 579 —
164 555 217 593 12,
235 556 268 587 5.
296 551 382 597 [in]]
410 554 532 586 delevit
555 554 579 586 1.
604 571 648 576 —
674 555 726 591 14,
744 555 774 586 5.
800 554 975 585 amicitiam
1001 554 1129 586 omisso
1153 554 1404 585 concinniorem

94 599 167 631 fieri
192 599 377 631 orationem
402 600 584 631 etiamnum
608 599 760 630 arbitror.
792 614 836 620 ——
866 599 919 636 14,
938 600 970 630 9.
997 597 1103 636 Quam
1128 598 1259 630 subtilis
1283 597 1405 630 fuisset

95 643 150 675 ille
173 643 426 686 grammaticus,
452 644 509 684 qui
534 645 598 675 tuis
623 643 788 684 eiecisset,
814 642 969 682 equidem
993 643 1102 684 magis
1127 643 1277 681 mirarer,
1303 651 1404 682 quam

95 698 138 720 ex
162 687 279 730 glossa
302 687 385 720 illud
408 688 443 719 in
460 687 562 720 libros
580 688 776 729 inrepsisse.
801 703 844 709 —
870 687 922 725 14,
942 688 995 719 10.
1022 687 1074 720 Ne
1099 687 1140 719 ob
1167 687 1294 726 eadem,
1319 695 1405 727 quae

93 733 257 765 Kritzium
293 742 506 774 permovere,
538 742 592 764 me
621 732 786 764 delevisse
816 740 885 763 non
914 731 1071 773 paenitet.
1102 748 1146 755 —
1178 733 1231 773 14,
1251 733 1302 763 11.
1339 741 1405 764 non

94 775 177 820 quit]
203 778 317 819 nequit
340 777 366 809 1.
407 777 492 809 Illud
516 777 717 809 insolentius
749 776 789 807 ab
821 777 1040 818 grammatico
1072 783 1231 808 novatum
1256 785 1332 808 esse
1354 775 1405 807 lu-

93 822 226 854 bentius
252 821 481 861 concederem,
518 822 584 853 nisi
609 821 652 853 ad
676 820 827 862 volgaria
857 821 898 852 ab
923 820 1020 862 siglis
1046 820 1199 853 librarios
1230 820 1406 852 aberrasse

93 866 190 898 multi
213 866 279 898 loci
305 866 505 898 documento
531 872 655 899 essent.
680 882 723 888 —
746 867 780 897 in
802 875 872 898 meo
897 875 1001 906 regno
1026 876 1052 897 c.
1073 863 1114 907 Ι.]
1141 867 1176 897 in
1199 875 1303 907 reyno
1322 874 1404 897 meo.

61 922 69 934 ·
94 927 136 933 —
163 912 215 949 14,
236 911 289 944 12.
313 913 444 942 multum
467 911 615 942 laborem
640 907 725 952 c.1.]
752 911 881 942 multum
905 909 1040 942 laboris.
1068 926 1110 932 —
1136 910 1189 951 14,
1208 911 1260 941 15.
1286 911 1407 942 relicta

94 960 146 988 est
169 956 280 987 anima
304 965 333 989 c.
347 953 389 998 1.]
418 955 465 986 De
483 960 533 987 est
551 955 780 996 suspicionem
799 954 908 986 omisi.
926 971 969 976 —
995 956 1047 992 14,
1062 956 1113 986 17.
1138 965 1181 986 an
1199 964 1296 995 reyes
1320 963 1347 985 c.
1364 951 1406 994 Ι.]

93 1005 152 1032 aut
175 1009 286 1041 reyes.
318 1016 361 1023 --
394 1001 446 1038 14,
464 1001 517 1032 23.
544 1004 575 1031 et
607 1001 710 1032 omnis
741 1009 768 1031 c.
788 996 827 1041 Ι.]
860 1003 911 1030 set
942 1000 1054 1031 omnis.
1085 1016 1128 1021 —
1160 1000 1212 1035 14,
1232 999 1285 1031 20.
1316 995 1403 1040 iure]

92 1046 204 1077 vivere
228 1044 252 1076 I.
292 1043 363 1076 Hoc
387 1044 470 1075 milii
496 1054 538 1076 ex
562 1044 781 1084 sequentibus
813 1050 926 1074 natum
959 1044 1099 1077 videtur.
1128 1060 1172 1065 —-
1203 1044 1257 1084 15,
1276 1043 1307 1074 2.
1342 1041 1408 1074 Cur

93 1089 134 1121 ab
158 1092 295 1122 senatus
321 1098 425 1121 uncos
450 1098 674 1126 removerem,
712 1098 788 1120 curn
819 1087 905 1119 adeo
936 1088 1100 1120 Iordanus
1135 1089 1183 1119 eis
1214 1086 1408 1119 inclusisset

93 1133 310 1172 vocabulum,
348 1143 416 1165 non
446 1133 558 1165 habui.
589 1150 632 1155 —
663 1134 717 1170 15,
735 1134 766 1166 3.
790 1131 1011 1164 praenomina
1037 1133 1161 1172 ubique
1192 1131 1407 1173 adiungenda

91 1185 188 1220 puto,
208 1179 341 1210 etiamsi
359 1176 540 1210 Sallustius
559 1187 598 1209 ea
614 1187 650 1208 re
667 1177 797 1219 contigi
815 1177 956 1209 dicatur.
974 1194 1018 1199 —
1044 1178 1137 1215 15,4.
1163 1175 1258 1218 vidit]
1276 1177 1366 1209 videl
1380 1175 1406 1210 Ι.

91 1239 136 1246 -—
161 1223 214 1263 16,
232 1224 264 1255 3.
287 1220 416 1264 famae]
441 1223 534 1262 fama
558 1222 596 1260 1.‚
622 1221 714 1262 quod
738 1221 909 1261 quomodo
934 1228 1022 1253 recte
1039 1221 1180 1262 dicatur,
1208 1230 1275 1252 non
1293 1221 1404 1253 video.

94 1266 200 1304 Quam
225 1276 327 1308 saepe
344 1278 361 1299 e
379 1269 439 1298 eti
462 1266 682 1298 commutata!
705 1283 748 1289 —
774 1267 826 1304 17,
846 1267 877 1298 5.
905 1266 1028 1299 arbore
1050 1263 1264 1307 infecundus]
1289 1265 1407 1298 arbori

92 1314 114 1344 i.
141 1311 164 1343 Ι.
186 1328 229 1334 -
255 1313 307 1349 18,
327 1313 360 1343 4.
387 1311 485 1344 Medi
507 1317 540 1344 et
563 1311 694 1343 Persae
719 1316 751 1343 et
775 1307 951 1353 Armenii]
985 1311 1091 1348 Medi,
1124 1311 1254 1343 Persae
1279 1315 1311 1342 et
1336 1310 1407 1342 Ar—

91 1358 191 1388 menii
212 1355 236 1390 Ι.
263 1372 306 1378 -
331 1357 384 1393 19,
404 1357 434 1388 1.
460 1366 542 1397 pars
566 1357 685 1397 imperi
708 1356 872 1397 cupidine,
906 1356 966 1387 atii
988 1356 1204 1387 multitudinis
1237 1356 1327 1387 domi
1349 1355 1407 1386 mi-

92 1401 245 1432 nuendae
279 1402 394 1442 qratia
422 1402 606 1434 sollicitata
632 1400 730 1441 plebe
769 1405 802 1432 et
832 1397 923 1442 aliis]
963 1401 1022 1432 alii
1063 1401 1279 1432 multitudinis
1321 1400 1410 1432 domi

91 1446 289 1477 minuendae
312 1447 435 1486 qratia,
461 1456 546 1487 pars
570 1446 689 1486 imperi
713 1445 869 1486 cupidine
893 1445 1075 1476 sollicitata
1093 1462 1135 1467 -—
1152 1446 1228 1476 aliis
1253 1443 1277 1476 1.
1317 1443 1408 1481 Quae

91 1499 144 1521 me
169 1489 213 1521 ad
237 1490 492 1531 transponenda
515 1490 616 1521 verba
642 1498 849 1530 permovere,
876 1498 915 1520 ea
940 1489 1090 1520 nondum
1107 1488 1249 1520 refutata
1266 1488 1348 1520 vidi.
1364 1504 1408 1511 —

93 1535 147 1575 19,
163 1536 195 1566 7.
222 1534 432 1566 Muluccham
456 1531 592 1576 cum1.]
620 1534 820 1566 ΙΙῙιιῖιιοΙιαητ.
839 1550 882 1556 -
907 1534 961 1571 21,
979 1535 1011 1565 4.
1039 1534 1150 1565 Verba
1176 1534 1208 1564 in
1233 1544 1250 1564 z
1278 1532 1407 1564 adiecta

91 1580 133 1611 de
165 1580 405 1611 controversiis
441 1581 510 1611 suis
550 1581 622 1611 iure
650 1580 763 1620 potius
793 1589 889 1621 qnam
920 1577 1005 1610 bello
1036 1579 1231 1620 disceptare
1267 1586 1346 1609 vera
1377 1584 1408 1610 et

90 1623 199 1665 proba
230 1633 306 1655 esse
338 1633 403 1655 non
437 1633 542 1665 nego,
581 1630 631 1655 set
656 1623 782 1663 aliquid
807 1623 1026 1654 dubitationis
1059 1622 1212 1661 haerere,
1251 1621 1342 1662 quod
1374 1622 1407 1653 in

90 1668 349 1708 antiquissumis
377 1669 592 1710 optumisque
617 1667 709 1699 libris
736 1668 892 1699 omuibus
918 1668 1044 1699 omissa
1069 1674 1201 1705 essent,
1227 1667 1322 1699 uncis
1348 1666 1407 1698 ad-

90 1713 190 1754 pictis
217 1722 284 1743 non
304 1712 539 1744 occultandum
557 1713 685 1754 putavi.
704 1729 747 1734 —
771 1713 824 1748 23,
840 1713 872 1743 4.
899 1713 990 1744 trahi
1012 1723 1077 1744 non
1092 1709 1208 1754 posse]
1236 1722 1302 1744 non
1319 1711 1407 1743 trultt

89 1766 190 1798 posse
215 1757 241 1789 Ι.
283 1756 324 1788 Et
348 1757 501 1789 codicum
527 1758 693 1799 scriptura
719 1756 801 1788 niihi
831 1757 957 1788 incerta
981 1763 1014 1788 et
1044 1759 1128 1788 ratio
1162 1756 1296 1788 obstare
1321 1756 1404 1787 visa.

90 1819 134 1824 —
158 1803 212 1839 24,
231 1803 262 1834 3.
290 1803 353 1834 mei
376 1812 404 1834 c.
424 1799 465 1844 1.]
497 1798 605 1844 [mei].
633 1818 674 1823 —-
699 1803 846 1833 incertus
869 1811 938 1833 sum
963 1812 991 1833 c.
1012 1798 1055 1843 Ι.]
1091 1803 1250 1833 incertum
1276 1805 1338 1833 est.
1365 1817 1408 1823 —

90 1847 146 1887 24,
166 1847 197 1878 9.
224 1846 336 1879 scribo
361 1844 450 1888 c.1.]
477 1847 610 1888 scripsi,
638 1855 842 1886 quamquam
869 1845 950 1877 llaec
967 1846 1120 1877 Vaticani
1146 1846 1314 1887 scriptura
1337 1845 1409 1887 epi-

91 1890 254 1922 stularum
280 1891 516 1923 consuetudini
542 1900 683 1932 prorsus
715 1891 882 1922 convenit.
909 1907 951 1913 —-
983 1892 1037 1926 25,
1058 1892 1088 1922 1.
1116 1887 1256 1932 enisum]
1284 1891 1408 1922 enisum

91 1939 143 1967 est
168 1935 191 1966 1.
234 1934 381 1975 Obsequi
407 1935 485 1967 hnic
509 1935 658 1967 dubitavi
683 1945 758 1966 cum
785 1935 826 1966 ob
852 1935 1002 1966 codicum
1020 1935 1180 1966 incertam
1199 1934 1310 1973 tidem,
1336 1941 1409 1966 tum

92 1980 133 2011 ob
148 1975 346 2011 Sallustiani
371 1980 450 2020 styli
476 1981 727 2022 proprietatem.
743 1997 786 2002 —
810 1981 864 2016 27,
884 1981 915 2012 4.
944 1976 1203 2022 [Calpurniusss
1238 1978 1359 2010 delevit
1384 1978 1408 2010 1.

90 2041 131 2047 -
157 2024 211 2058 28.
231 2025 263 2057 5.
290 2029 382 2057 artes
406 2030 438 2057 et
462 2025 564 2056 animi
587 2029 620 2057 et
635 2026 791 2065 cor-poris
816 2034 843 2058 c.
865 2024 887 2056 l.
913 2032 943 2055 et
960 2024 1075 2056 codice
1093 2021 1288 2064 Frontonis]
1315 2027 1408 2055 artes

90 2069 192 2101 animi
222 2073 255 2099 et
287 2071 452 2111 corporis.
487 2087 528 2092 —
559 2070 614 2107 29,
631 2071 662 2101 3.
691 2066 814 2111 primo]
849 2069 986 2110 primum
1018 2070 1040 2100 Ι.
1072 2086 1109 2092 -
1145 2069 1199 2106 29,
1218 2069 1250 2100 5.
1281 2068 1409 2110 Vagam

89 2124 118 2145 c.
137 2110 180 2155 Ι.]
211 2113 367 2146 Vaccam.
395 2114 528 2145 Scilicet
541 2113 629 2144 illum
643 2115 859 2155 scriptionem
878 2113 962 2145 tituli
980 2119 1155 2145 testantur.
1173 2129 1216 2134 —
1240 2114 1294 2148 30,
1309 2114 1340 2145 3.
1358 2113 1409 2144 ἰη-

88 2157 253 2190 cendebat
277 2157 361 2201 c.1.]
389 2158 611 2191 adcendebat.
635 2175 676 2180 —
709 2160 763 2193 31.
782 2160 812 2190 4.
834 2158 997 2197 Γασίίοηίε
1020 2158 1194 2200 polentiae
1219 2166 1246 2188 c.
1268 2153 1308 2200 l.]
1343 2165 1408 2198 po-

89 2204 214 2234 tentiae
234 2202 405 2243 factionis.
431 2221 473 2226 —
498 2205 551 2237 31.
570 2204 600 2235 6.
626 2200 751 2245 vostri]
781 2204 889 2235 nostri
913 2203 937 2234 1.
980 2203 1060 2235 Item
1086 2201 1173 2233 infra
1198 2202 1320 2233 vostris
1345 2209 1408 2243 pro

88 2247 213 2279 nostris
239 2248 370 2281 retinui.
404 2248 534 2279 Etenim
553 2247 651 2279 habet
669 2247 798 2289 aliquid
814 2248 974 2280 momenti
992 2246 1035 2278 ad
1052 2247 1183 2278 animos
1201 2245 1408 2284 auditorum,
