1537 2512
303 128 360 154 m:
388 127 618 155 caraman
650 125 969 153 comvnamoxz:
999 124 1035 151 c.
1065 120 1099 153 5.
1125 118 1155 153 6·
1354 116 1378 152 3

77 225 225 265 bonum
246 227 365 264 otium
387 229 603 269 conterere,
625 236 752 276 neque
771 236 864 263 vero
887 233 1022 272 agrum
1046 221 1208 262 colundo
1229 228 1293 262 aut
1314 236 1378 263 ve-

77 281 219 325 nando,
239 280 441 320 servilibus
457 279 604 325 officiis,
625 280 814 319 intentum
831 283 994 318 aetatem
1016 288 1153 327 agere,
1176 284 1234 318 set
1255 290 1275 317 a
1298 291 1374 329 quo
1391 289 1413 320 2

83 338 239 386 incepto
266 335 471 388 studioque
500 347 563 374 me
587 334 743 374 ambitio
772 334 871 373 mala
893 334 1128 378 detinuerat,
1161 334 1296 373 eodem
1316 346 1379 374 re-

77 402 235 442 gressus
251 392 365 430 statui
381 403 445 430 res
466 396 592 440 gestas
613 391 746 441 populi
760 389 923 428 Romani
941 389 1123 439 carptim,
1146 394 1185 427 ut
1203 401 1381 440 quaeque

49 461 66 486 5
79 446 265 486 memoria
281 446 395 496 digna
412 445 652 490 videbantur,
669 445 927 496 perscribere,
948 456 992 483 eo
1008 445 1142 493 magis,
1163 445 1266 495 quod
1285 444 1380 483 mihi

80 514 101 542 a
127 513 216 552 spe,
246 506 373 545 metu,
396 501 572 553 partibus
591 502 646 540 rei
666 501 844 552 publicae
875 501 1025 540 animus
1054 499 1153 539 liber
1182 506 1276 538 erat.

190 556 311 606 Igitur
341 557 388 595 de
411 556 592 596 Catilinae
613 557 898 600 coniuratione,
932 567 1045 607 quam
1075 555 1289 594 verissume
1308 568 1378 606 po·
1392 566 1415 599 3

79 618 184 656 tero,
213 613 346 662 paucis
376 611 591 651 absolvam:
622 623 710 650 nam
740 613 777 650 id
809 611 957 650 facinus
985 611 1024 648 in
1045 611 1179 661 primis
1201 622 1271 661 ego
1293 623 1373 651 me·
1391 626 1412 656 4

80 666 270 706 morabile
290 668 477 706 existumo
498 667 655 707 sceleris
671 672 785 718 atque
805 666 967 717 periculi
984 667 1163 704 novitate.
1194 666 1248 705 De
1269 669 1377 706 cuius
1391 681 1412 713 5

36 733 69 759 ιο
81 723 248 762 hominis
267 722 442 761 moribus
462 734 584 773 pauca
600 724 708 773 prius
730 722 969 773 explananda
990 726 1079 760 sunt
1095 733 1210 771 quam
1230 723 1378 763 initium

81 778 266 818 narrandi
298 777 446 817 faciam.

192 833 333 872 Lucius
363 832 519 872 Catilina
550 832 669 870 nobili
700 844 843 882 genere
867 837 979 871 natus
1004 832 1092 875 fuit,
1124 842 1264 881 magna
1284 834 1321 872 vi
1343 839 1379 873 et
1398 838 1420 874 5

83 890 197 929 animi
215 894 252 928 et
269 890 456 939 corporis,
480 894 537 927 set
566 889 719 937 ingenio
740 887 841 926 malo
862 899 1070 938 pravoque.
1102 887 1200 925 Huic
1220 887 1267 926 ab
1285 888 1378 928 adu-
1394 901 1415 931 2

81 944 262 984 lescentia
292 942 393 982 bella
422 945 620 985 intestina,
651 943 807 984 caedes.
839 943 1016 993 rapinae,
1048 942 1238 981 discordia
1263 943 1381 982 civilis

38 1011 70 1037 1⁵
84 1004 193 1050 grata
217 999 346 1043 suere,
371 998 501 1050 ibique
522 1000 756 1038 iuventutem
783 1010 892 1037 suam
917 998 1099 1037 exercuit.
1144 997 1293 1048 Corpus
1313 1010 1378 1048 pa·
1394 1011 1414 1044 3

84 1057 182 1095 tiens
198 1054 366 1098 inediae,
386 1054 546 1104 algoris,
570 1053 717 1103 vigiliae
734 1066 850 1104 supra
869 1065 983 1104 quam
1001 1054 1180 1102 cuiquam
1196 1053 1381 1092 credibile

86 1116 154 1151 est.
185 1110 345 1149 Animus
365 1110 501 1153 audax,
520 1109 717 1153 subdolus,
736 1110 874 1152 varius,
898 1109 1006 1147 cuius
1026 1109 1082 1146 rei
1103 1107 1210 1146 lubet
1226 1107 1381 1147 siniula-
1396 1119 1416 1148 4

84 1172 146 1206 tor
176 1177 220 1204 ac
246 1164 525 1204 dissimulator:
556 1165 669 1203 alieni
699 1164 896 1214 adpetens,
925 1165 984 1202 sui
1013 1162 1208 1213 profusus,
1241 1163 1382 1202 ardens

84 1223 124 1261 in
148 1220 436 1271 cupiditatibus:
458 1221 548 1259 satis
570 1219 821 1270 eloquentiae,
845 1219 1053 1269 sapientiae
1074 1230 1232 1269 parum:
1254 1223 1383 1258 vastus

41 1289 74 1316 πο
87 1278 236 1316 animus
254 1276 505 1319 inmoderata,
529 1274 780 1318 incredibilia,
799 1275 912 1313 nimis
928 1273 1000 1312 alta
1017 1285 1170 1323 semper
1190 1273 1380 1323 cupiebat.

86 1333 199 1372 Hunc
222 1337 309 1382 post
331 1331 631 1370 dominationem
652 1330 746 1369 Luci
768 1329 896 1369 Sullae
919 1329 1050 1368 lubido
1078 1340 1257 1366 maxuma
1277 1329 1382 1367 inva·
1396 1337 1418 1369 6

86 1391 191 1427 serat
218 1387 276 1425 rei
304 1386 481 1437 publIcae
515 1386 738 1437 capiundae,
770 1397 895 1436 neque
930 1385 967 1423 id
996 1383 1135 1435 quibus
1164 1383 1288 1421 modis
1318 1383 1384 1422 ad-

87 1441 425 1493 sequeret11r‚dum
447 1442 518 1480 sibi
538 1452 703 1491 regnum
719 1445 886 1490 pararet,
908 1440 1114 1490 quicquam
1133 1439 1242 1488 pensi
1264 1438 1383 1483 habe-

87 1498 165 1537 bat.
189 1497 415 1547 Agitabatur
435 1498 556 1546 magis
576 1497 773 1546 magisque
790 1496 827 1533 in
855 1495 935 1533 dies
959 1495 1109 1533 animus
1129 1494 1238 1531 ferox
1255 1494 1383 1544 inopia
1397 1502 1418 1533 7

42 1567 74 1592 25
88 1554 144 1593 rei
166 1551 362 1591 familiaris
385 1558 421 1591 et
440 1552 671 1591 conscientia
693 1549 904 1593 scelerum,
935 1561 1033 1599 quae
1053 1553 1219 1599 utraque
1248 1549 1302 1586 eis
1321 1560 1384 1587 ar-

88 1609 192 1648 tibus
215 1612 393 1652 auxerat,
425 1619 520 1658 quas
549 1618 665 1657 supra
695 1606 917 1644 memoravi.
950 1603 1165 1643 Incitabant
1182 1609 1418 1654 praetereas

90 1664 269 1714 conrupti
301 1663 459 1702 civitatis
487 1673 635 1705 mores,
663 1672 758 1711 quos
784 1671 961 1711 pessuma
986 1671 1030 1697 ac
1051 1659 1201 1697 divorsa
1221 1659 1321 1697 inter
1342 1669 1385 1697 se

89 1718 202 1763 mala,
233 1718 385 1757 luxuria
414 1724 528 1768 atque
554 1718 721 1761 avaritia,
753 1715 955 1755 vexabant.

201 1773 278 1813 Res
298 1775 379 1824 ipsa
401 1773 547 1812 hortari
567 1772 739 1815 ridetur,
764 1771 942 1822 quoniam
961 1769 1007 1808 de
1026 1768 1201 1807 moribus
1224 1769 1382 1807 civitatis
1399 1777 1421 1809 9

43 1835 242 1881 sotempus
270 1829 486 1873 admonuit,
516 1839 633 1878 supra
654 1831 831 1877 repetere
858 1838 902 1863 ac
925 1825 1058 1875 paucis
1078 1824 1247 1861 instituta
1265 1824 1386 1862 maio-

90 1897 178 1924 rum
211 1884 313 1924 domi
333 1884 576 1935 militiaeque,
609 1894 685 1934 quo
711 1881 826 1920 modo
847 1892 930 1919 rem
954 1877 1146 1929 publicam
1179 1877 1388 1916 habuerint

92 1945 352 1991 quantamque
381 1938 628 1990 reIIquerint,
659 1942 701 1976 ut
723 1935 904 1987 paulatim
926 1936 1110 1973 inmutata
1139 1945 1184 1972 ex
1203 1932 1386 1983 pulcher-

91 2007 204 2035 ruma
233 2001 348 2044 atque
383 1999 541 2044 optuma
570 2004 748 2044 pessuma
788 2003 831 2029 ac
862 1989 1165 2040 flagitiosissuma
1199 1987 1295 2026 facta
1326 1989 1386 2031 sit,

94 2051 295 2090 disserere.

0 2123 2 2142 ;
47 2122 82 2148 ³5
204 2105 349 2146 Urbem
385 2104 564 2148 Romam,
601 2104 711 2141 sicuti
742 2113 813 2151 ego
841 2100 990 2150 accepi,
1033 2098 1240 2137 condidere
1272 2103 1386 2151 atque
1401 2095 1427 2137 6

94 2161 270 2201 habuere
290 2161 394 2200 initio
418 2159 586 2204 Troiani,
617 2159 681 2209 qui
702 2159 829 2196 Aenea
851 2155 949 2194 duce
970 2153 1125 2205 profugi
1147 2152 1386 2210 sedibusjiri·

97 2220 212 2256 certis
232 2215 483 2266 vagabantur,
507 2225 671 2264 cumque
698 2213 751 2252 eis
773 2211 1012 2260 Aborigines,
1045 2219 1168 2258 genus
1186 2207 1386 2263 hominum
1400 2248 1413 2253 „

97 2276 262 2322 agreste,
292 2271 374 2310 sine
395 2269 556 2320 legibus,
589 2269 670 2307 sine
690 2266 868 2318 imperio,
884 2265 1049 2304 liberum
1072 2268 1185 2314 atque
1205 2260 1384 2301 soiirt‘iim.
1405 2266 1408 2271 “

1133 2332 1143 2365 1
1164 2332 1183 2352 3
