1537 2512
398 102 454 128 nr:
483 100 619 127 nmmo
652 100 917 127 weram-nmo
948 100 983 126 c.
1011 94 1069 129 75.
1092 95 1146 131 76.
1369 89 1421 128 83

130 205 331 251 praeterea
353 198 545 248 conquirit
567 208 613 235 ex
635 198 737 246 agris
759 208 873 247 quam
897 197 1121 248 plurumum
1142 202 1267 248 potest
1290 198 1421 238 domiti
1435 211 1456 241 4

130 254 303 305 pecoris:
326 265 371 292 eo
392 253 540 302 inponit
557 263 646 290 vasa
662 253 846 302 cuiusque
865 253 981 297 modi,
1003 258 1060 292 set
1077 252 1263 303 pleraque
1282 253 1419 304 lignea,

130 308 303 348 conlecta
332 319 378 346 ex
400 307 563 357 tuguriis
586 306 858 346 Numidarum:
892 308 939 347 ad
962 308 1036 346 hoc
1055 307 1419 357 finitumisimperat,
1435 321 1457 353 5

130 366 195 415 qui
215 375 256 402 se
275 368 363 414 post
383 363 485 411 regis
505 361 634 410 fugam
657 360 808 401 Metello
830 361 1033 408 dederant,
1056 374 1170 414 quam
1199 362 1421 412 plurumum

100 420 290 469 squisque
320 429 442 468 aquae
464 421 658 467 portaret,
688 417 789 455 diem
810 416 1034 468 locumque,
1061 417 1128 456 ubi
1171 422 1327 467 praesto
1366 416 1423 454 fo-

126 479 228 521 rent,
254 473 460 523 praedicit:
495 472 575 521 ipse
607 484 653 510 ex
683 471 852 517 flumine,
889 485 1002 523 quam
1019 484 1247 523 proxumam
1279 473 1456 523 oppidoss

129 540 268 579 aquam
299 539 382 567 esse
412 538 529 578 supra
559 526 734 570 diximus,
762 527 929 566 iumenta
959 533 1115 566 onerat:
1147 539 1192 566 eo
1224 527 1338 565 modo
1364 528 1420 565 in-

130 588 299 622 structus
328 582 377 621 ad
408 581 569 620 Thalam
599 582 867 632 proficiscitur.
934 582 1078 621 Deinde
1107 582 1173 621 ubi
1203 581 1250 620 ad
1280 581 1318 621 id
1346 581 1454 622 loei7

128 643 296 682 ventum,
327 649 402 688 quo
424 637 597 676 Numidis
617 642 879 687 praeceperat,
908 642 944 676 et
973 642 1095 676 castra
1117 638 1238 687 posita
1258 637 1422 675 munita-

83 706 115 732 ιο
129 706 203 745 que
225 698 335 737 sunt,
361 697 465 731 tanta
494 697 653 742 repente
684 692 789 730 caelo
813 693 926 731 missa
956 694 1009 730 vis
1040 704 1162 743 aquae
1192 691 1349 735 dicitur,
1380 696 1422 729 ut

128 761 172 789 ea
193 748 308 787 modo
334 747 518 787 exercitui
540 748 629 785 satis
650 758 842 797 superque
863 748 974 785 foret.
1016 747 1221 786 Praeterea
1244 757 1421 784 conmea-
1435 756 1456 788 8

128 810 188 843 tus
216 815 285 854 spe
315 802 489 852 amplior,
521 802 608 852 quia
638 801 836 846 Numidae,
866 803 978 841 sicuti
998 801 1170 852 plerique
1186 802 1223 838 in
1243 812 1337 839 nova
1355 801 1420 839 de-

127 859 282 903 ditione,
304 858 427 896 officia
444 856 697 896 intenderant.
731 856 910 895 Ceterum
931 856 1068 896 milites
1089 856 1273 905 religione
1295 855 1420 905 pluvia
1436 868 1456 899 9

129 915 250 963 magis
278 913 358 957 usi,
391 924 512 963 eaque
542 924 605 951 res
634 911 795 950 multum
817 913 951 951 animis
982 923 1116 951 eorum
1139 911 1301 950 addidit:
1332 922 1421 949 nam

82 982 113 1008 ιε
128 970 201 1009 rati
229 980 313 1008 sese
341 968 421 1007 deis
441 966 708 1006 inmortalibus
739 979 853 1005 curae
877 979 971 1006 esse.
1020 966 1165 1005 Deinde
1185 970 1340 1016 postero
1361 965 1421 1004 die

129 1029 262 1064 contra
293 1024 514 1073 opinionem
541 1021 748 1072 Iugurthae
769 1022 816 1060 ad
836 1022 995 1061 Thalam
1014 1022 1253 1072 perveniunt.
1305 1020 1420 1071 Oppi-
1437 1025 1479 1058 10

127 1080 227 1123 dani,
251 1079 316 1129 qui
337 1090 378 1116 se
394 1077 568 1116 locorum
590 1078 792 1127 asperitate
814 1079 980 1115 munitos
1001 1076 1262 1120 crediderant,
1282 1086 1420 1125 magna

127 1140 242 1185 atque
278 1133 427 1172 insolita
464 1145 507 1171 re
535 1131 725 1183 perculsi,
756 1132 875 1170 nihilo
906 1133 1060 1182 segnius
1087 1130 1232 1170 bellum
1260 1142 1418 1180 parare:

127 1190 228 1229 idem
256 1189 377 1227 nostri
413 1188 553 1227 facere.
612 1187 678 1226 Set
707 1199 796 1231 rex,
829 1187 923 1225 nihil
957 1189 1031 1226 iam
1063 1186 1246 1225 infectum
1270 1184 1420 1224 Metello
1436 1185 1487 1224 76

81 1245 311 1289 ncredens,
342 1244 483 1294 quippe
514 1243 578 1293 qui
598 1244 737 1287 omnia,
760 1254 866 1280 arma
888 1243 982 1287 tela,
1009 1241 1114 1280 locos
1139 1247 1333 1291 tempora,
1355 1240 1420 1279 de-

126 1301 242 1351 nique
263 1304 440 1338 naturam
460 1300 582 1348 ipsam
605 1297 1033 1348 ceterisimperitantem
1055 1296 1241 1335 industria
1266 1299 1420 1339 vicerat,

128 1367 217 1394 cum
238 1354 371 1393 liberis
396 1358 432 1392 et
452 1364 590 1403 magna
610 1357 718 1402 parte
738 1353 925 1404 pecuniae
945 1365 991 1391 ex
1013 1351 1153 1402 oppido
1183 1355 1300 1389 noctu
1330 1361 1421 1400 pro-

127 1410 234 1460 fugit,
268 1421 394 1459 neque
422 1413 554 1460 postea
582 1409 620 1445 in
648 1407 726 1446 ullo
753 1407 838 1445 loco
869 1407 1031 1457 amplius
1062 1418 1139 1445 uno
1170 1406 1231 1444 die
1261 1409 1326 1443 aut
1345 1416 1420 1443 una

125 1470 239 1504 nocte
260 1468 450 1507 moratus,
473 1462 676 1501 simulabat
698 1474 781 1500 sese
803 1463 931 1511 negoti
951 1462 1072 1511 gratia
1097 1471 1329 1511 properare:
1361 1471 1422 1498 ce-

81 1534 113 1559 25
127 1526 254 1560 terum
274 1518 531 1570 proditionem
551 1516 719 1561 timebat,
742 1529 857 1568 quam
874 1518 991 1555 vitare
1011 1527 1124 1566 posse
1146 1515 1338 1554 celeritate
1351 1525 1423 1564 pu-

126 1575 252 1614 tabat:
281 1586 370 1612 nam
395 1573 482 1612 talia
511 1572 667 1611 consilia
683 1583 753 1623 per
772 1573 890 1610 otium
908 1577 997 1610 etex
1009 1570 1298 1622 opportunitate
1323 1570 1420 1619 capi.

126 1633 174 1670 At
195 1628 381 1672 Metellus,
402 1628 468 1667 ubi
497 1627 706 1678 oppidanos
726 1626 873 1677 proelio
895 1628 1072 1670 intentos,
1099 1624 1212 1663 simul
1240 1623 1456 1675 oppidum2

127 1691 166 1725 et
194 1684 376 1736 operibus
407 1689 444 1722 et
473 1683 558 1722 loco
588 1683 778 1721 munitum
814 1682 926 1725 videt,
958 1681 1055 1719 vallo
1077 1680 1254 1729 fossaque
1273 1679 1424 1717 moenia

130 1741 391 1780 cimumvenit.
430 1738 574 1778 Deinde
597 1737 689 1776 locis
717 1749 762 1775 ex
788 1738 895 1786 copia
924 1747 1101 1774 maxume
1122 1734 1268 1773 idoneis
1296 1734 1459 1773 vineasa

82 1806 262 1846 aoagere,
304 1805 485 1844 aggerem
515 1794 640 1831 iacere
667 1791 741 1843 [et]
780 1803 896 1842 super
927 1802 1107 1840 aggerem
1138 1788 1313 1839 inpositis
1343 1792 1423 1826 tur·

127 1850 236 1890 ribus
261 1861 357 1900 opus
377 1855 415 1888 et
435 1849 678 1888 administros
700 1847 826 1885 tutari.
877 1845 1016 1884 Contra
1041 1845 1136 1883 haec
1159 1843 1339 1894 oppidani
1369 1842 1423 1881 fe·
1437 1849 1457 1880 4

128 1907 270 1945 stinare
307 1916 464 1955 parare:
502 1914 662 1953 prorsus
698 1901 745 1940 ab
785 1902 957 1951 utrisque
995 1899 1088 1938 nihil
1129 1897 1290 1937 relicum
1326 1897 1421 1936 fieri.

127 1961 300 2011 Denique
338 1959 522 2002 Romani,
560 1957 680 1996 multo
720 1962 807 1995 ante
835 1955 968 1994 labore
1004 1953 1236 2005 proeliisque
1266 1952 1458 2001 fatigati,5

129 2021 215 2067 post
241 2015 322 2053 dies
342 2014 611 2064 quadraginta,
645 2024 758 2062 quam
780 2023 824 2050 eo
846 2015 1001 2049 ventum
1024 2015 1123 2053 erat,
1146 2008 1286 2059 oppido
1307 2007 1422 2046 modo

84 2087 117 2114 35
129 2071 257 2121 potiti:
287 2069 430 2121 praeda
460 2069 582 2107 omnis
611 2067 658 2106 ab
689 2066 861 2118 perfugis
891 2071 1090 2115 conrupta.
1147 2063 1191 2102 Ei
1218 2068 1460 2113 postquam6

129 2137 284 2166 murum
314 2124 496 2164 arietibus
516 2123 622 2162 feriri
642 2133 781 2172 resque
800 2132 889 2160 suas
918 2120 1089 2159 adssIctas
1115 2118 1265 2161 vident,
1288 2128 1424 2156 aurum

130 2186 243 2232 atque
264 2185 467 2230 argentum
489 2183 526 2217 et
545 2177 615 2217 alia
632 2189 730 2228 quae
750 2178 873 2227 prima
888 2176 1083 2215 ducuntur
1105 2174 1262 2213 domum
1278 2173 1425 2222 regiam

131 2240 378 2287 conportant:
407 2235 458 2274 ibi
487 2235 574 2272 vino
603 2238 639 2272 et
661 2231 781 2283 epulis
802 2232 949 2271 onerati
979 2230 1117 2281 illaque
1145 2233 1181 2268 et
1206 2228 1360 2266 domum
1390 2233 1424 2264 et

1173 2298 1225 2334 6*
