1537 2512
320 100 376 126 m:
402 100 536 128 nmmo
569 99 835 126 wovarnmo
867 98 903 125 c.
933 93 989 128 20.
1019 94 1076 127 21.
1106 93 1163 127 22.
1336 88 1381 126 51

91 198 148 248 gis
176 209 290 248 quam
312 197 485 237 Numidis
505 197 626 236 fretus
648 203 747 242 erat,
779 196 924 248 legatos
949 196 996 235 ad
1017 196 1243 247 Iugurtham
1264 197 1310 236 de
1331 198 1387 236 in-

89 253 197 291 iuriis
227 257 404 303 questum
432 253 544 291 misit.
578 250 650 299 Qui
674 254 824 291 tametsi
855 251 1127 291 contumeliosa
1146 252 1246 292 dicta
1266 259 1389 292 rettu-

89 307 231 357 lerant,
273 309 378 358 prius
409 313 534 346 tamen
565 309 691 346 omnia
711 309 788 358 pati
817 308 985 347 decrevit
1021 319 1135 358 quam
1157 307 1301 346 bellum
1324 319 1386 346 su-

90 374 216 406 mere,
252 363 340 413 quia
379 367 606 413 temptatum
635 368 744 402 antea
776 374 888 402 secus
930 367 1109 401 cesserat.
1178 362 1311 413 Neque
1342 368 1426 403 c06

59 432 74 457 ε,
90 418 212 467 magis
234 418 373 467 cupido
393 417 602 469 Iugurthae
626 417 883 461 minuebatur,
911 418 1050 468 quippe
1074 418 1137 468 qui
1158 422 1279 456 totum
1305 419 1386 457 eius

87 482 253 522 regnum
285 474 411 511 animo
441 474 515 511 iam
545 474 746 512 invaserat.
794 474 925 524 Itaque
946 484 1037 516 non,
1069 474 1123 511 uti
1154 478 1276 517 antea,
1299 485 1386 512 curn
1405 484 1425 516 7

88 527 332 578 praedatoria
358 539 494 572 manu,
524 533 584 566 set
621 539 762 578 magno
794 530 965 567 exercitu
997 534 1205 578 conparato
1241 528 1385 567 bellum

89 593 227 632 gerere
261 584 386 633 coepit
415 588 453 621 et
482 588 614 633 aperte
642 585 758 622 totius
788 583 988 622 Numidiae
1006 583 1209 633 imperium
1239 591 1383 634 petere.

91 637 270 676 Ceterum
293 649 364 688 qua
389 638 597 688 pergebat,
621 638 727 677 urbis
748 649 862 688 agros
885 643 1045 681 vastare,
1066 639 1229 688 praedas
1250 649 1384 687 agere:
1400 648 1421 680 8

44 704 75 730 ιο
88 693 167 731 suis
187 693 375 737 animum,
408 692 583 731 hostibus
603 698 794 732 terrorem
819 703 974 742 augere.
1017 693 1211 732 Adherbal
1239 693 1307 732 ubi
1329 695 1384 732 in·
1400 693 1450 734 21

89 747 235 797 tellegit
265 760 310 787 eo
340 759 581 798 processiun,
614 749 669 786 uti
689 759 853 798 regnum
885 755 950 787 aut
968 747 1263 799 relinquendum
1286 755 1387 788 esset

89 807 154 841 aut
175 804 291 841 armis
312 803 567 846 retinendum,
594 805 813 842 necessario
834 804 962 853 copias
982 809 1092 854 parat
1114 809 1150 842 et
1172 804 1383 853 Iugurthae

88 857 222 896 obvius
251 859 438 908 procedit.
483 858 643 897 Interim
673 859 766 898 haut
794 858 910 908 longe
927 871 947 897 a
967 860 1064 897 mari
1092 870 1214 909 prope
1244 858 1419 900 Cirtam2

89 913 272 964 oppidum
300 915 501 965 utriusque
533 915 723 953 exercitus
757 914 930 952 consedit
984 919 1020 952 et
1048 915 1134 964 quia
1157 915 1230 953 diei
1261 920 1386 953 extre-

42 982 73 1007 ιε)
86 980 193 1007 mum
224 974 324 1013 erat,
366 969 554 1019 proelium
584 981 661 1007 non
690 970 898 1019 inceptum.
962 969 1026 1008 Set
1063 969 1130 1007 ubi
1157 969 1387 1020 plerumque

86 1025 208 1062 noctis
224 1025 425 1074 processit,
453 1024 620 1063 obscuro
641 1025 838 1063 etiamtum
855 1023 999 1063 lumine
1018 1024 1155 1062 milites
1169 1025 1387 1074 Iugurthini

86 1079 196 1128 signo
215 1079 302 1118 dato
314 1079 614 1118 castrahostium
632 1079 834 1118 invadunt:
852 1080 1106 1118 semisomnos
1122 1081 1260 1130 partim
1292 1080 1385 1118 alios

87 1145 193 1172 arma
224 1135 410 1174 sumentis
441 1134 573 1184 sugant
603 1134 868 1184 funduntque:
906 1134 1099 1173 Adherbal
1138 1145 1224 1173 cum
1253 1136 1385 1185 paucis

87 1188 280 1240 equitibus
310 1189 451 1229 Cirtam
474 1190 663 1240 profugit,
695 1195 731 1228 et
759 1191 797 1227 ni
819 1188 1023 1228 multitudo
1046 1194 1266 1239 togatorum
1293 1191 1384 1229 fuis-

40 1255 73 1282 20
86 1250 161 1288 set,
201 1256 298 1294 quae
330 1244 513 1284 Numidas
543 1246 779 1296 insequentis
817 1244 1020 1283 moenibus
1051 1244 1268 1294 prohibuit,
1307 1257 1384 1284 uno

85 1299 144 1338 die
168 1300 266 1338 inter
291 1300 386 1339 duos
409 1311 522 1350 reges
544 1306 723 1351 coeptum
750 1305 863 1350 atque
895 1305 1090 1350 patratum
1110 1299 1254 1339 bellum
1271 1300 1382 1339 foret.

83 1355 204 1404 Igitur
230 1354 416 1404 Iugurtha
448 1356 631 1405 oppidum
656 1355 912 1399 circumsedit,
933 1356 1052 1393 vineis
1075 1355 1325 1406 turribusque
1349 1360 1418 1398 et3

83 1410 270 1448 machinis
292 1411 462 1449 omnium
483 1422 670 1460 generum
696 1421 919 1460 expugnare
948 1409 1183 1459 adgreditur,
1205 1423 1383 1449 maxume

85 1465 268 1504 festinans
289 1470 442 1515 tempus
463 1465 680 1514 legatorum
702 1470 944 1514 antecapere,
968 1477 1064 1515 quos
1085 1471 1172 1504 ante
1191 1465 1383 1516 proelium

40 1531 71 1557 25
84 1520 228 1559 factum
260 1519 306 1558 ab
338 1520 555 1559 Adherbale
580 1520 743 1559 Romam
769 1520 904 1558 missos
941 1520 1148 1559 audiverat.

197 1574 262 1613 Set
280 1580 481 1626 postquam
504 1580 659 1614 senatus
679 1576 725 1614 de
739 1574 840 1614 bello
858 1587 992 1614 eorum
1013 1576 1172 1625 accepit,
1190 1581 1268 1615 tres
1288 1576 1381 1615 adu·
1397 1590 1417 1620 4

85 1629 273 1669 lescentes
293 1630 332 1668 in
355 1631 522 1669 Africam
542 1630 742 1680 legantur,
771 1631 836 1681 qui
860 1630 994 1669 ambos
1018 1641 1131 1680 reges
1153 1631 1300 1676 adeant,
1323 1643 1382 1671 se-

84 1690 197 1723 natus
223 1685 431 1736 populique
461 1685 622 1724 Romani
654 1685 780 1724 verbis
803 1686 1000 1724 nuntient:
1031 1685 1126 1724 velle
1151 1692 1187 1724 et
1209 1698 1380 1731 censere,

80 1757 147 1784 eos
170 1744 218 1783 ah
248 1745 366 1783 armis
395 1744 598 1783 discedere
630 1743 698 1796 [de
726 1743 1006 1782 controvorsiis
1033 1743 1113 1781 suis
1141 1744 1227 1781 iure
1256 1745 1386 1793 potius
1398 1738 1453 1779 22

37 1813 69 1839 3⁰
81 1811 194 1850 quam
212 1799 315 1839 bello
332 1798 590 1851 disceptare]:
621 1801 675 1838 ita
692 1809 812 1848 seque
828 1797 980 1848 illisque
997 1797 1155 1847 dignum
1174 1810 1271 1836 esse.
1311 1799 1383 1837 Le-

88 1860 164 1909 gati
183 1859 221 1897 in
244 1858 411 1897 Africam
434 1862 672 1896 maturantes
696 1857 861 1898 veniunt,
889 1867 933 1894 eo
957 1855 1078 1902 magis
1101 1853 1203 1903 quod
1225 1853 1383 1897 Romae,

88 1915 179 1952 dum
202 1912 394 1963 proficisci
414 1917 562 1963 parant,
586 1912 633 1950 de
650 1910 797 1962 proelio
821 1910 919 1948 sacto
940 1915 977 1948 et
997 1908 1282 1959 obpugnatione
1304 1908 1384 1947 Cir-

89 1975 148 2008 tae
172 1967 417 2007 audiebatur:
440 1972 498 2006 set
518 1968 548 2006 is
567 1978 702 2005 rumor
724 1965 891 2005 clemens
912 1969 1004 2003 erat.
1051 1962 1223 2008 Quorum
1243 1963 1379 2013 Iugur-
1399 1971 1418 2002 2

89 2023 154 2063 tha
176 2028 333 2073 accepta
355 2024 527 2061 oratione
551 2022 771 2072 respondit:
794 2019 866 2058 sibi
888 2031 1014 2069 neque
1035 2019 1157 2057 maius
1180 2019 1385 2069 quicquam

44 2088 73 2115 35
89 2090 215 2129 neque
242 2080 368 2117 carius
385 2077 612 2116 auctoritate
630 2080 788 2115 senatus
801 2087 905 2114 esse:
924 2075 971 2114 ab
983 2073 1241 2113 adulescentia
1271 2074 1320 2112 ita
1344 2085 1385 2112 se

89 2135 258 2178 enisum,
280 2138 322 2172 ut
342 2133 388 2172 ab
413 2136 570 2181 optumo
594 2143 747 2182 quoque
767 2129 1017 2179 probaretur:
1045 2130 1183 2167 virtute
1204 2140 1281 2167 non
1304 2140 1383 2167 ma-

88 2187 166 2228 litia
194 2187 236 2227 P.
269 2187 456 2239 Scipioni,
488 2197 638 2225 summo
668 2187 769 2230 viro,
800 2184 1008 2235 placuisse:
1038 2183 1087 2222 ob
1109 2184 1263 2223 easdem
1293 2185 1384 2222 artis

90 2255 110 2281 a
139 2244 319 2295 Micipsa,
355 2253 434 2280 non
462 2241 644 2291 paenuria
664 2239 889 2284 liberorum,
919 2241 956 2278 in
976 2250 1139 2289 regnum
1162 2239 1382 2289 adoptatum

91 2309 195 2337 esse:
226 2302 397 2337 ceterum
428 2308 503 2347 quo
531 2295 641 2346 plura
671 2295 769 2335 bene
801 2301 913 2345 atque
943 2300 1098 2334 strenue
1128 2294 1300 2339 fecisset,
1339 2303 1416 2337 eoa

1130 2365 1184 2400 4*
