1537 2512
111 111 124 149 1
141 112 188 149 14
468 118 712 147 onamonns
742 119 796 144 m·
823 117 1061 145 EP1STULAE

107 225 191 260 tur:
234 220 311 258 iam
340 217 424 263 illa,
468 228 567 267 quae
597 216 773 255 socordia
803 220 930 255 vostra
961 213 1134 254 conlecta
1167 218 1275 259 sunt,
1315 211 1409 253 dila·

107 275 261 315 bentur.

41 344 83 376 22
220 329 304 374 Qua
334 339 379 367 re
411 328 462 366 ita
503 338 665 366 censeo:
707 326 889 377 quoniam
925 325 972 364 Μ.
1005 325 1172 376 Lepidus
1197 324 1410 365 exercitum

109 386 257 436 privato
297 381 455 423 consilio
492 386 670 432 paratum
711 393 799 420 cum
834 382 1026 431 pessumis
1064 384 1102 420 et
1136 379 1313 418 hostibus
1353 379 1411 417 rei

107 440 288 491 publicae
310 443 445 478 contra
464 437 579 476 huius
600 437 744 476 ordinis
762 437 1030 476 auctoritatem
1054 435 1102 474 ad
1121 434 1260 474 urbem
1291 434 1409 478 ducit,
1429 446 1446 472 5

108 497 164 535 uti
201 495 347 546 Appius
378 492 558 532 Claudius
587 493 759 532 interrex
800 504 887 531 cum
916 492 959 538 Q.
992 491 1125 530 Catulo
1151 502 1223 541 pro
1254 488 1412 529 consule

110 556 148 590 et
165 551 304 590 ceteris
323 547 463 600 quibus
476 550 685 600 imperium
700 552 757 587 est
786 547 874 586 urbi
904 546 1097 597 praesidio
1123 547 1210 591 sint,
1234 555 1411 597 operam-

110 617 185 657 que
215 605 307 644 dent
336 616 385 643 ne
416 603 506 654 quid
536 615 600 642 res
620 602 774 655 publica
797 603 1018 642 detrimenti
1048 602 1184 652 capiat.

200 728 332 767 Oratio
365 727 408 765 G.
442 726 569 765 Cottae
595 727 764 765 consulis
793 726 850 763 ad
880 726 1068 774 populum
1096 723 1329 762 Romanum.
1427 724 1461 751 1⁰

63 836 80 869 1
223 826 401 872 Quirites,
432 826 551 865 multa
579 826 672 865 mihi
692 824 862 876 pericula
885 826 988 865 domi
1015 824 1266 876 militiaeque,
1294 820 1415 861 multa

111 883 271 923 advorsa
295 882 416 927 fuere,
439 893 605 933 quorum
626 881 695 920 alia
719 880 890 926 toleravi,
911 881 1051 932 partim
1075 879 1229 932 reppuli
1252 879 1415 918 deorum

112 938 260 978 auxiliis
291 942 328 976 et
348 939 487 976 virtute
515 949 620 976 mea:
651 939 690 975 in
718 938 802 987 quis
823 936 1002 976 omnibus
1022 947 1234 988 numquam
1264 935 1416 973 animus

110 994 266 1043 negotio
291 992 422 1037 defuit,
461 1004 590 1056 neque
617 992 782 1032 decretis
813 992 941 1031 labos:
979 991 1103 1031 malae
1144 990 1417 1040 secundaeque
1430 1000 1462 1028 15

66 1054 88 1085 2
111 1060 176 1088 res
206 1059 319 1112 opeS,
356 1059 434 1086 non
461 1049 660 1098 ingenium
689 1048 783 1087 mihi
812 1048 1026 1088 mutabant.
1048 1049 1097 1086 At
1123 1052 1258 1087 contra
1286 1047 1326 1085 in
1354 1045 1414 1083 his

112 1105 277 1143 miseriis
306 1109 445 1143 cuncta
473 1116 536 1143 me
566 1116 652 1143 cum
685 1104 838 1143 fortuna
869 1104 1090 1143 deseruere.
1118 1104 1326 1143 Praeterea
1354 1111 1415 1140 se·

112 1166 267 1204 nectus,
312 1171 383 1211 per
422 1171 463 1198 se
500 1160 647 1209 gravis,
680 1171 813 1198 curam
852 1159 1041 1211 duplicat,
1075 1160 1136 1199 cui
1166 1159 1308 1198 misero
1333 1160 1417 1196 acta

66 1217 88 1252 3
111 1215 188 1254 iam
213 1220 336 1254 aetate
362 1226 412 1254 ne
433 1219 600 1254 mortem
618 1215 773 1265 quidem
791 1214 993 1254 honestam
1014 1226 1173 1265 sperare
1191 1214 1293 1253 licet.
1318 1212 1417 1252 Nam

112 1271 145 1309 si
174 1270 346 1320 paricida
369 1270 487 1308 vostri
511 1281 596 1309 sum
617 1275 654 1309 et
677 1270 735 1309 bis
757 1271 907 1321 genitus
924 1270 988 1309 hic
1013 1270 1106 1309 deos
1127 1270 1278 1321 penatis
1308 1278 1417 1308 meos
1430 1279 1466 1307 ’ω

111 1327 353 1376 patriamque
378 1330 415 1364 et
449 1336 644 1365 summum
671 1328 878 1377 imperium
904 1325 988 1365 vilia
1021 1325 1167 1370 habeo,
1208 1325 1293 1377 quis
1323 1323 1419 1362 mihi

112 1382 196 1420 vIvo
235 1382 431 1420 cruciatus
470 1382 560 1420 satis
596 1386 653 1421 est
689 1387 755 1421 aut
791 1393 889 1433 quae
925 1393 1050 1432 poena
1095 1380 1275 1420 mortuo?
1325 1380 1418 1430 quin

114 1437 241 1475 omnia
270 1441 486 1476 memorata
518 1437 620 1488 apud
653 1437 798 1477 inferos
828 1437 1015 1488 subplicia
1043 1436 1191 1476 scelere
1214 1447 1302 1475 meo
1331 1435 1417 1474 vici.

67 1497 89 1528 4
113 1493 144 1530 Α
169 1493 294 1542 prima
334 1491 593 1532 adulescentia
633 1493 671 1531 in
711 1505 779 1532 ore
805 1498 936 1532 vostro
961 1494 1133 1543 privatus
1163 1497 1200 1531 et
1228 1493 1268 1531 in
1295 1491 1417 1541 magi-

114 1547 297 1587 stratibus
328 1548 408 1597 egi:
447 1548 512 1598 qui
541 1547 695 1598 lingua,
738 1549 803 1600 qui
834 1548 992 1587 consilio
1021 1560 1129 1592 meo,
1159 1548 1224 1599 qui
1253 1547 1465 1598 pecuniam»

113 1601 290 1647 voluere,
330 1603 389 1641 usi
420 1608 528 1641 sunt:
566 1615 694 1654 neque
730 1615 802 1654 ego
834 1604 1009 1643 callidam
1040 1603 1261 1643 facundiam
1290 1613 1419 1653 neque

112 1658 309 1707 ingenium
329 1657 376 1696 ad
392 1657 492 1696 male
512 1658 734 1698 faciundum
764 1661 940 1699 exercui:
967 1660 1220 1699 avidissumus
1247 1658 1419 1709 privatae

116 1714 262 1763 gratiae
289 1724 490 1752 maxumas
519 1715 734 1753 inimicitias
764 1727 837 1765 pro
868 1726 912 1753 re
946 1715 1100 1765 publica
1129 1715 1301 1765 suscepi:
1333 1714 1419 1764 quis

112 1769 235 1807 victus
267 1781 354 1808 eum
385 1767 447 1807 illa
479 1769 602 1813 simul,
624 1782 711 1808 cum
742 1781 860 1820 egens
890 1769 1036 1810 alienae
1064 1771 1146 1820 opis
1175 1768 1288 1820 plura
1317 1768 1419 1808 mala

116 1829 382 1875 expectarem,
422 1836 508 1869 vOS,
541 1823 721 1870 Quirites,
756 1837 892 1864 rursus
924 1825 1015 1864 mihi
1046 1826 1210 1876 patriam
1245 1825 1465 1877 deosqueso

69 1883 91 1917 5
114 1881 263 1930 penatis
290 1891 378 1919 cum
403 1880 548 1929 ingenti
576 1880 757 1931 dignitate
786 1881 955 1920 dedistis.
982 1881 1058 1920 Pro
1076 1880 1216 1933 quibus
1233 1880 1420 1920 benificiis

114 1935 175 1972 vix
201 1936 292 1974 satis
318 1940 451 1985 gratus
481 1935 624 1980 videar,
656 1938 686 1975 si
711 1936 871 1986 singulis
902 1938 1081 1983 animam,
1115 1948 1230 1988 quam
1251 1947 1418 1988 nequeo,

116 1991 387 2030 concesserim.
413 1990 510 2030 Nam
531 1992 603 2029 vita
627 1997 664 2031 et
692 2004 796 2031 mors
827 1993 909 2031 iura
937 1998 1097 2032 naturae
1127 1997 1236 2031 sunt:
1269 1996 1312 2032 ut
1336 1992 1419 2032 sine

115 2044 307 2085 dedecore
326 2058 413 2085 cum
432 2047 576 2086 civibus
594 2047 693 2086 fama
718 2054 755 2087 et
771 2048 934 2087 fortunis
958 2049 1106 2099 integer
1124 2059 1227 2098 agas,
1256 2047 1294 2087 id
1315 2047 1418 2086 dono

116 2100 228 2140 datur
259 2106 373 2152 atque
405 2103 604 2153 accipitur.
1431 2116 1465 2144 ει

69 2167 93 2200 ο
229 2156 414 2196 Consules
444 2170 514 2196 nos
554 2157 715 2203 fecistis,
747 2159 933 2206 Quirites,
982 2159 1084 2198 domi
1114 2157 1281 2209 bellique
1308 2160 1417 2210 inpe-

118 2212 315 2251 ditissuma
333 2225 375 2252 re
400 2213 565 2264 publiea.
588 2213 760 2266 Namque
782 2214 1251 2267 imperatoresffispaniae
1273 2215 1417 2266 supen-

117 2267 222 2307 dium
261 2268 418 2313 milites,
452 2281 557 2308 arma
589 2269 826 2310 frumentum
858 2276 1044 2321 poscunt:
1084 2276 1121 2309 et
1148 2269 1184 2309 id
1215 2281 1279 2310 res
1301 2271 1421 2322 cogit»

1531 312 1537 331 ἰ

1527 337 1537 353 d

1531 361 1537 392 i
