1537 2512
153 96 208 136 26
376 108 431 132 m:
459 106 693 133 cianus-An
724 106 1045 134 comvlerxoxz:
1075 106 1111 134 c.
1146 102 1205 135 51.

146 204 279 256 populi
296 204 459 243 Romani
479 203 617 254 opibus
639 209 830 248 creverat,
852 204 968 243 infida
992 210 1029 243 et
1049 204 1210 243 advorsa
1231 203 1343 243 nohis
1363 202 1444 249 ruit.

148 265 205 299 set
225 265 428 311 postquam
455 259 556 298 bello
578 259 754 298 confecto
781 260 828 299 de
848 259 1007 298 Rhodiis
1029 258 1247 298 consultum
1268 263 1336 303 est,
1366 271 1446 298 ma-

148 316 250 353 iores
265 316 398 360 nostri,
422 326 470 353 ne
494 315 577 365 quis
599 314 813 353 divitiarum
830 315 951 364 magis
988 326 1105 364 quam
1134 315 1300 353 iniuriae
1330 325 1447 353 causa
1507 322 1523 332 ²

114 380 135 413 6
149 369 294 408 bellum
313 369 510 420 inceptum
529 370 685 414 dic-eret,
710 370 905 420 inpunitos
924 381 990 408 eos
1010 369 1200 408 dimisere.
1226 369 1322 408 Item
1336 368 1446 407 bellis

147 425 301 464 Punicis
325 425 515 469 omnibus,
538 437 626 464 cum
649 436 764 475 saepe
786 424 1118 474 Carthaginienses
1138 423 1213 476 [et]
1235 425 1273 463 in
1294 435 1388 474 pace
1408 428 1478 462 ets

146 491 217 531 per
241 480 413 519 inducias
434 479 553 518 multa
574 479 722 518 nefaria
742 480 912 518 facinora
935 479 1126 524 fecissent,
1143 490 1356 530 numquam
1376 479 1448 528 ipsi

147 547 217 586 per
244 535 486 574 occasionem
513 534 601 573 talia
626 534 776 574 fecere:
808 535 929 584 magis
954 534 1045 585 quid
1074 546 1115 573 se
1145 534 1301 583 dignum
1333 533 1445 577 foret,

149 602 263 641 quam
288 589 380 640 quid
401 591 440 628 in
461 589 546 628 illos
565 591 648 629 iure
669 590 753 628 fieri
773 595 901 640 posset
923 588 1173 640 quaerebant.

116 661 135 690 7
261 645 344 684 Hoc
364 645 457 684 item
477 644 584 684 vobis
603 644 885 696 providendum
908 649 983 688 est,
1005 649 1135 694 patres
1155 644 1375 694 conscripti,
1399 655 1449 682 ne

149 700 236 752 plus
256 701 358 752 apud
386 712 453 739 vos
481 700 604 739 valeat
631 700 672 738 P.
704 699 856 739 Lentuli
882 705 919 739 et
944 704 1164 738 ceterorum
1186 698 1313 738 scelus
1333 706 1493 749 quamtt

148 761 276 794 vostra
306 755 488 805 dignitas,
528 766 603 793 neu
643 756 763 805 magis
787 756 868 794 irae
892 759 1043 794 vostrae
1067 766 1183 805 quam
1211 754 1335 793 famae
1357 765 1448 792 con·
1523 757 1537 844 j

113 823 134 855 8
148 810 290 850 sulatis.
319 811 418 850 Nam
439 812 470 849 si
492 810 605 861 digna
627 822 749 860 poena
765 822 836 860 pio
859 810 967 849 factis
989 822 1124 849 eorum
1144 810 1360 860 reperitur,
1381 819 1449 847 no-

149 879 236 905 vom
258 865 459 905 consilium
481 865 674 916 adprobo.
697 867 754 904 sin
774 865 997 915 magnitudo
1019 864 1176 904 sceleris
1198 865 1370 904 omnium
1393 865 1450 903 in·
1523 848 1537 944 J

148 922 260 971 genia
278 926 474 971 exuperat,
499 923 552 960 eis
569 921 754 960 utendum
778 933 928 965 censeo,
953 933 1049 971 quae
1071 920 1222 970 legibus
1241 923 1450 970 conparata

114 982 247 1018 osunt.
304 976 483 1027 Plerique
514 988 668 1020 eorum,
707 977 770 1027 qui
806 981 893 1016 ante
924 987 985 1014 me
1018 977 1227 1015 sententias
1257 975 1447 1019 dixerunt,
1465 981 1496 1007 1⁵
1524 947 1537 1062 {⁴

149 1033 346 1082 conposite
370 1036 484 1083 atque
506 1032 709 1081 magnifice
731 1043 862 1070 casum
881 1033 938 1070 rei
954 1031 1132 1082 publicae
1153 1031 1325 1069 miserati
1340 1036 1449 1070 sunt:

149 1099 247 1139 quae
272 1086 363 1126 belli
395 1088 548 1126 saevitia
578 1092 697 1131 esset,
729 1099 827 1138 quae
855 1088 962 1126 xictis
991 1086 1223 1130 acciderent,
1247 1097 1450 1125 enumera·
1515 1064 1537 1172 1

148 1155 261 1182 vzere
292 1143 377 1193 rapi
398 1143 564 1192 virgines
584 1154 747 1192 pueros,
780 1141 905 1181 divelli
922 1141 1067 1181 liberos
1090 1154 1111 1180 a
1131 1147 1338 1192 paientum
1358 1153 1450 1181 con-

149 1197 283 1248 plexu,
316 1202 459 1236 matres
490 1197 721 1236 familiarum
752 1199 829 1247 pati
862 1210 960 1249 quae
987 1196 1196 1236 victoribus
1227 1195 1450 1236 conlubuis·

148 1258 245 1297 sent,
268 1252 356 1292 fana
378 1257 491 1303 atque
509 1253 644 1291 domos
658 1252 825 1304 spoliari,
850 1253 1006 1292 caedem
1027 1252 1203 1291 incendia
1225 1252 1319 1297 fieri,
1343 1258 1448 1302 post·
1461 1257 1494 1284 2⁰

97 1318 138 1350 10
149 1320 258 1347 remo
273 1309 389 1347 armis
413 1308 675 1351 cadaveribus,
706 1320 846 1347 cruore
863 1313 976 1359 atque
992 1307 1098 1346 luctu
1115 1308 1242 1346 onmia
1261 1307 1447 1358 conpleri.

149 1364 234 1407 Set,
267 1375 338 1414 per
368 1363 460 1402 deos
490 1363 722 1407 inmortalis,
758 1376 834 1414 quo
865 1363 928 1402 illa
954 1376 998 1402 01
1001 1364 1076 1401 atio
1107 1363 1319 1413 peitinuit?

149 1419 203 1458 uti
227 1430 293 1457 vos
316 1418 475 1457 infestos
497 1419 752 1459 coniurationi
772 1418 939 1458 saceiet?
962 1418 1107 1457 scilicet
1127 1430 1243 1469 quem
1262 1428 1326 1457 res
1347 1422 1450 1457 tanta

94 1481 132 1513 11
150 1478 187 1513 et
213 1479 294 1512 tam
323 1478 435 1512 atrox
459 1485 537 1512 non
563 1475 763 1524 permoxit,
796 1486 884 1513 eum
905 1475 1026 1513 oratio
1048 1473 1249 1512 adcendet.
1290 1473 1375 1512 Non
1399 1475 1449 1513 ita

149 1534 218 1573 est,
238 1541 364 1579 neque
382 1530 562 1580 cuiquam
575 1529 820 1568 mortalium
812 1531 972 1569 iniuriae
990 1541 1082 1568 suae
1098 1541 1168 1580 pai
1172 1541 1240 1568 vae
1256 1528 1447 1568 videntur:
1462 1536 1496 1562 ²⁵

148 1584 257 1623 multi
282 1595 346 1622 eas
377 1586 530 1634 gravius
556 1597 679 1635 aequo
702 1584 887 1624 habuere.
922 1585 987 1624 Set
1008 1584 1079 1623 alia
1101 1583 1181 1623 aliis
1202 1583 1354 1623 licentia
1377 1590 1446 1628 est,

95 1652 135 1684 12
151 1644 280 1690 patres
307 1640 526 1690 conscripti.
567 1640 638 1685 Qui
665 1640 818 1678 demissi
840 1641 876 1678 in
907 1639 1075 1679 obscuro
1105 1640 1217 1678 vitam
1239 1639 1393 1684 habent,
1418 1642 1449 1679 si

149 1694 239 1746 quid
262 1695 459 1733 iracundia
487 1695 702 1745 deliquere,
736 1696 848 1745 pauci
869 1697 1005 1737 sciunt.
1032 1694 1133 1734 fama
1155 1700 1270 1746 atque
1292 1694 1447 1734 fortuna

148 1761 283 1789 eorum
313 1761 427 1800 pares
455 1755 560 1789 sunt:
594 1752 658 1801 qui
687 1761 827 1800 magno
847 1751 1011 1801 imperio
1027 1750 1188 1801 praediti
1219 1751 1257 1788 in
1296 1749 1446 1789 excelsu

94 1813 134 1846 13
151 1810 312 1844 aetatem
343 1811 480 1855 agunt,
509 1817 644 1844 eorum
667 1806 764 1844 sacta
787 1808 914 1844 cuncti
935 1806 1116 1844 mortales
1139 1817 1295 1845 novere.
1337 1805 1390 1844 Ita
1411 1806 1448 1844 in
1463 1813 1495 1841 8⁰

148 1873 327 1899 maxuma
350 1861 503 1899 fortuna
535 1862 704 1900 minuma
726 1860 878 1900 licentia
910 1866 986 1900 est:
1016 1873 1142 1912 neque
1173 1861 1329 1900 studere
1383 1873 1448 1900 ne-

93 1926 132 1958 14
150 1928 223 1966 que
253 1915 399 1960 odisse,
431 1922 489 1955 set
520 1918 687 1955 minume
715 1917 827 1955 irasci
852 1916 983 1955 decet:
1017 1929 1114 1967 quae
1137 1916 1238 1967 apud
1260 1916 1354 1955 alios
1375 1917 1448 1955 ira-

148 1971 285 2009 cundia
308 1971 464 2015 dicitur‚
495 1984 538 2011 ea
561 1973 596 2010 in
615 1972 776 2022 imperio
803 1971 984 2022 superbia
1008 1978 1121 2023 atque
1150 1971 1357 2011 crudelitas
1382 1972 1447 2010 ad-

94 2036 133 2068 15
148 2025 322 2076 pellatur.
392 2027 578 2077 Equidem
618 2039 689 2077 ego
726 2029 779 2066 sic.
817 2029 1025 2071 existumo,
1066 2033 1195 2077 patres
1225 2028 1447 2078 conscripti.

147 2082 271 2119 omnis
301 2083 493 2121 cruciatus
523 2084 692 2121 minores
714 2095 830 2133 quam
862 2082 1031 2121 facinora
1063 2082 1216 2121 illorum
1250 2093 1354 2121 esse:
1389 2088 1494 2122 set³⁸

145 2134 319 2187 plerique
337 2137 517 2177 mortales
537 2143 729 2188 postrema
748 2139 969 2181 memmere,
990 2144 1025 2176 et
1043 2139 1079 2176 in
1097 2137 1319 2176 hominibus
1336 2138 1448 2189 inpiis

147 2191 302 2231 sceleris
330 2204 464 2231 eorum
493 2193 597 2232 obliti
628 2194 674 2232 de
697 2205 819 2244 poena
851 2193 1056 2236 disserunt.
1089 2194 1118 2231 si
1139 2205 1181 2231 ca
1202 2191 1317 2243 paulo
1338 2204 1446 2232 seve-

147 2247 227 2286 rior
251 2247 330 2285 suit.
