1537 2512
145 87 221 126 102
394 99 446 124 DE
477 98 612 125 BELLO
644 98 907 125 IVGVRTGINO
942 98 979 125 e.
1013 92 1090 126 102.
1114 92 1191 127 103.

140 202 179 236 te
206 196 385 246 experiri,
417 207 534 239 nunc,
563 196 717 246 quando
745 207 816 246 per
845 196 946 234 illam
968 196 1067 240 licet,
1090 196 1226 235 festina
1247 202 1362 247 atque
1385 197 1440 236 uti

86 263 129 296 10
145 251 302 301 coepisti
324 262 456 301 perge.
502 250 619 290 Multa
648 257 762 303 atque
792 257 1011 302 opportuna
1031 251 1163 296 habes,
1196 263 1272 303 quo
1293 251 1440 292 facilius

83 319 123 352 11
141 310 266 346 errata
296 307 430 345 officiis
460 318 632 357 superes.
687 306 888 345 Postremo
915 307 990 346 hoo
1018 308 1056 346 in
1082 311 1217 357 pectus
1244 312 1355 346 tuum
1375 307 1440 349 de-

139 362 257 405 mitte,
285 374 496 412 numquam
521 361 707 411 populum
729 361 947 401 Romanum
965 362 1152 401 benificiis
1172 363 1312 401 victum
1336 373 1439 402 esse:

138 429 227 455 nam
258 416 359 455 hello
391 417 484 467 quid
511 416 634 456 valeat
662 422 743 456 tute
771 417 869 455 scis.'

85 481 124 513 12
252 472 308 511 Ad
341 484 385 511 ea
413 472 591 511 Bocchus
627 472 775 523 placide
807 477 844 511 et
866 472 1046 524 benigne,
1076 472 1189 512 simul
1217 485 1340 523 pauca
1367 485 1442 524 pro

139 527 279 567 delicto
301 539 371 567 suo
402 527 521 566 verba
551 528 661 566 facit:
690 540 730 566 se
758 539 836 566 non
867 528 995 567 hostili
1023 530 1162 573 animo,
1194 534 1253 567 set
1277 539 1441 578 regnum

81 593 124 627 13
140 588 327 622 tutantem
358 595 464 621 arma
486 584 651 633 cepisse:
678 595 767 622 nam
790 583 992 623 Numidiae
1012 589 1175 635 partem,
1199 583 1302 623 unde
1325 585 1361 622 vi
1380 583 1441 622 lu·

137 638 318 688 gurtham
341 637 543 689 expulerit,
576 640 660 677 iure
689 638 779 678 belli
810 650 917 678 suam
949 639 1107 679 factam:
1139 651 1221 679 eam
1252 640 1391 678 vastari
1421 652 1440 678 a

82 700 124 733 14
141 693 260 732 Mario
281 694 360 745 pati
379 695 596 744 nequivisse
614 708 622 732 :
653 699 854 745 praeterea
873 696 999 733 missis
1020 700 1131 735 antea
1151 694 1313 734 Romam
1337 694 1440 744 lega·
1455 707 1488 734 ιο

138 749 185 788 tis
205 748 405 799 repulsum
430 749 478 788 ab
501 750 684 788 amicitia:
717 754 890 789 ceterum
909 755 1039 790 vetera
1062 752 1250 795 omittere,
1281 762 1325 789 ac
1345 755 1440 795 tum,

82 813 124 846 15
137 805 170 843 Si
190 816 262 854 per
283 805 447 844 Marium
464 804 617 849 liceret,
647 805 793 854 legatos
815 805 861 844 ad
883 811 1059 845 senatum
1082 807 1303 845 missurum.
1345 805 1438 845 Dein

139 861 250 910 copia
269 861 369 899 facta
390 860 540 899 animus
562 860 720 899 barbari
743 860 790 899 ab
817 861 949 899 amicis
967 861 1102 906 ssexus,
1135 873 1231 912 quos
1253 861 1437 911 Iugurtha

139 916 291 965 cognita
323 915 514 965 legatione
546 916 673 954 Sullae
700 920 736 954 et
767 915 892 959 Manli,
925 922 1100 956 metuens
1126 917 1162 956 id
1195 917 1296 967 qnod
1326 929 1438 967 para·

136 969 273 1015 batur,
302 970 413 1009 donis
434 976 680 1021 conruperat.
1456 985 1486 1010 ιε

72 1026 148 1065 103
249 1025 393 1065 Marius
418 1027 566 1065 interea
588 1027 760 1065 exercitu
787 1028 824 1064 in
848 1026 1109 1066 hibernaculis
1130 1028 1329 1077 conposito
1351 1039 1441 1066 cum

138 1081 325 1130 expeditis
356 1082 581 1120 cohortibus
607 1088 644 1120 et
663 1087 772 1133 parte
800 1083 990 1133 equitatus
1011 1082 1268 1132 proficiscitur
1297 1084 1335 1121 in
1357 1081 1440 1122 loca

136 1135 216 1175 sola
238 1136 440 1176 obsessum
464 1138 603 1176 turrim
620 1139 786 1187 regiam,
809 1150 884 1188 quo
906 1137 1091 1186 Iugurtha
1113 1137 1295 1188 perfugas
1317 1138 1440 1177 omnis

135 1192 368 1242 praesidium
390 1194 623 1243 inposuerat.

93 1254 115 1286 2
244 1248 344 1287 Tum
375 1259 514 1286 rursus
545 1247 742 1290 Bocchus,
774 1259 842 1285 seu
872 1248 1088 1298 reputando
1119 1259 1217 1299 quae
1247 1247 1323 1286 sibi
1354 1248 1448 1287 duo·
1462 1260 1495 1286 20

133 1303 206 1341 bus
237 1302 395 1353 proeliis
425 1309 633 1347 venerant,
666 1314 735 1342 seu
758 1303 977 1342 admonitus
999 1303 1047 1342 ab
1069 1302 1152 1342 aliis
1174 1303 1319 1348 amicis,
1352 1315 1450 1353 quos

131 1360 388 1410 inconruptos
419 1358 602 1409 Iugurtha
641 1358 865 1408 reliquerat,
889 1371 936 1397 ex
973 1359 1080 1397 omni
1118 1359 1228 1410 copia
1268 1371 1447 1398 necessa·

130 1415 280 1454 riorum
313 1415 485 1465 quinque
515 1413 669 1463 delegit,
703 1425 868 1463 quorum
900 1419 939 1452 et
968 1414 1064 1453 tides
1085 1416 1239 1465 cognita
1271 1421 1310 1454 et
1338 1416 1447 1466 inge-

95 1471 193 1513 3nia
224 1469 471 1509 validissuma
503 1475 630 1509 eraut:
666 1482 732 1509 eos
763 1469 810 1508 ad
841 1470 1003 1509 Marium
1035 1482 1080 1508 ae
1110 1469 1269 1516 deinde,
1302 1472 1336 1510 si
1365 1469 1448 1523 pla·

131 1531 235 1570 ceat,
268 1526 430 1565 Romam
452 1525 600 1576 legatos
632 1527 690 1564 ire
713 1525 840 1564 iubet:
873 1525 1116 1576 agundarum
1137 1538 1270 1566 rerum
1293 1531 1330 1566 et
1351 1538 1494 1578 quo-25

131 1592 299 1631 cumque
331 1581 446 1619 modo
478 1581 568 1620 belli
590 1580 839 1632 conponendi
865 1581 1063 1620 licentiam
1100 1580 1213 1634 [illis]
1245 1583 1446 1634 permittit.

93 1636 190 1679 4111i
221 1641 374 1676 mature
405 1636 452 1675 ad
485 1636 649 1675 hiberna
670 1637 934 1676 Romanorum
956 1637 1274 1688 proficiscuntur,
1307 1637 1449 1678 deinde

128 1693 169 1731 in
199 1693 341 1732 itinere
372 1704 392 1731 a
413 1691 584 1731 Gaetulis
607 1692 822 1731 latronibus
843 1694 1098 1732 eii-cunnenti
1126 1693 1359 1744 spoliatique
1379 1705 1447 1745 pa·

128 1747 205 1787 vidi
226 1749 310 1787 sine
332 1748 474 1787 decore
496 1747 542 1787 ad
566 1747 712 1788 Sullam
734 1749 972 1799 perfugiunt,
1007 1760 1121 1799 quem
1144 1748 1279 1789 consul
1309 1750 1350 1789 in
1381 1761 1448 1788 ex-

94 1804 368 1855 5peditionem
399 1805 654 1854 proficiscens
683 1816 756 1856 pro
779 1810 960 1855 praetore
991 1803 1215 1856 reliquerat.
1276 1805 1355 1845 Eos
1382 1804 1495 1846 illeso

128 1872 207 1899 nou
238 1872 310 1910 pro
341 1862 447 1898 vanis
477 1859 669 1905 hostibus,
702 1861 759 1899 uti
790 1861 916 1899 meriti
945 1867 1067 1905 erant,
1101 1866 1161 1900 set
1190 1859 1374 1901 adcurate
1403 1872 1450 1900 ac

127 1914 339 1954 liberaliter
371 1914 522 1955 habuit:
556 1928 632 1967 qua
662 1928 705 1955 re
736 1915 894 1955 barbari
925 1921 962 1955 et
991 1917 1136 1955 samam
1167 1917 1348 1957 avaritiae
1369 1915 1447 1956 Ro-

127 1983 334 2010 manorum
351 1970 488 2011 falsam
510 1977 548 2010 et
564 1971 711 2011 Sullam
729 1971 778 2010 ob
795 1972 1100 2011 munificentiam
1116 1972 1156 2011 in
1173 1984 1262 2011 sese
1278 1973 1446 2012 amicum

93 2028 212 2065 orati.
274 2026 372 2066 Nam
402 2027 603 2066 etiamtum
634 2027 785 2077 largitio
816 2027 946 2067 multis
976 2029 1154 2079 ignorata
1185 2033 1285 2068 erat:
1317 2028 1446 2068 muni·

127 2083 223 2121 ticus
245 2093 360 2120 nemo
378 2082 597 2132 putabatur,
621 2084 695 2121 nisi
715 2084 859 2133 pariter
874 2083 1018 2128 volens,
1042 2083 1144 2123 dona
1165 2084 1293 2123 omnia
1315 2085 1355 2122 in
1375 2082 1444 2123 be·
1458 2097 1492 2125 sa

92 2145 112 2180 7
128 2137 316 2187 nignitate
337 2137 596 2177 habebantur.
649 2139 769 2189 Igitur
792 2141 986 2189 quaestori
1009 2139 1190 2179 mandata
1212 2139 1357 2179 Bocchi
1377 2150 1445 2190 pa-

128 2194 331 2232 tefaciunt:
365 2193 477 2232 simul
509 2194 557 2232 ab
589 2207 634 2233 eo
656 2200 812 2245 petunt,
847 2197 902 2234 uti
925 2195 1052 2235 fautor
1073 2193 1350 2247 consultorque
1370 2194 1446 2235 sibi
1468 2229 1475 2232 .

127 2248 247 2287 adsit:
281 2250 412 2298 copias
444 2250 557 2288 tidem
591 2250 896 2301 magnitudinem
929 2253 1031 2301 regis
1061 2252 1121 2290 sui
1152 2257 1188 2290 et
1219 2250 1309 2297 alia,
1346 2261 1446 2302 quae

1513 0 1537 150 i

1534 155 1537 165 Ι

1528 171 1537 196 ¹.
