<?xml version="1.0" encoding="UTF-8"?>
<!DOCTYPE html PUBLIC "-//W3C//DTD XHTML 1.0 Transitional//EN"
    "http://www.w3.org/TR/xhtml1/DTD/xhtml1-transitional.dtd">
<html xmlns="http://www.w3.org/1999/xhtml" xml:lang="en" lang="en">
 <head>
  <title>
</title>
<meta http-equiv="Content-Type" content="text/html;charset=utf-8" />
  <meta name='ocr-system' content='tesseract 3.04.00' />
  <meta name='ocr-capabilities' content='ocr_page ocr_carea ocr_par ocr_line ocrx_word'/>
</head>
<body>
  <div class='ocr_page' id='page_1' title='image "./libridecatilinae00salluoft_0030.png"; bbox 0 0 1537 2512; ppageno 0'>
   <div class='ocr_carea' id='block_1_1' title="bbox 93 43 1269 82">
    <p class='ocr_par' dir='ltr' id='par_1_1' title="bbox 93 43 1269 82">
     <span class='ocr_line' id='line_1_1' title="bbox 93 43 1269 82; baseline 0 0"><span class='ocrx_word' id='word_1_1' title='bbox 93 43 117 82; x_wconf 88' lang='lat'>8</span> <span class='ocrx_word' id='word_1_2' title='bbox 203 56 258 82; x_wconf 74' lang='lat' dir='ltr'>DE</span> <span class='ocrx_word' id='word_1_3' title='bbox 289 53 516 81; x_wconf 59' lang='lat' dir='ltr'>caraman</span> <span class='ocrx_word' id='word_1_4' title='bbox 549 52 868 80; x_wconf 66' lang='lat' dir='ltr'>comvnamoxn</span> <span class='ocrx_word' id='word_1_5' title='bbox 899 52 934 79; x_wconf 80' lang='lat' dir='ltr'>c.</span> <span class='ocrx_word' id='word_1_6' title='bbox 966 47 1022 82; x_wconf 75' lang='lat'>14.</span> <span class='ocrx_word' id='word_1_7' title='bbox 1053 49 1110 82; x_wconf 84' lang='lat'>15.</span> <span class='ocrx_word' id='word_1_8' title='bbox 1138 47 1194 82; x_wconf 88' lang='lat'>16.</span> <span class='ocrx_word' id='word_1_9' title='bbox 1228 48 1269 82; x_wconf 88' lang='grc'>17</span> 
     </span>
    </p>
   </div>
   <div class='ocr_carea' id='block_1_2' title="bbox 35 151 1424 647">
    <p class='ocr_par' dir='ltr' id='par_1_2' title="bbox 95 151 1392 259">
     <span class='ocr_line' id='line_1_2' title="bbox 95 151 1392 204; baseline -0.002 -11"><span class='ocrx_word' id='word_1_10' title='bbox 95 158 209 204; x_wconf 90' lang='lat' dir='ltr'>atque</span> <span class='ocrx_word' id='word_1_11' title='bbox 227 164 346 203; x_wconf 63' lang='lat' dir='ltr'>equos</span> <span class='ocrx_word' id='word_1_12' title='bbox 366 152 544 196; x_wconf 88' lang='lat' dir='ltr'>mercari,</span> <span class='ocrx_word' id='word_1_13' title='bbox 560 155 757 201; x_wconf 86' lang='lat' dir='ltr'>postremo</span> <span class='ocrx_word' id='word_1_14' title='bbox 776 163 902 202; x_wconf 84' lang='lat' dir='ltr'>neque</span> <span class='ocrx_word' id='word_1_15' title='bbox 923 151 1092 201; x_wconf 88' lang='lat' dir='ltr'>sumptui</span> <span class='ocrx_word' id='word_1_16' title='bbox 1114 163 1239 202; x_wconf 83' lang='lat' dir='ltr'>neque</span> <span class='ocrx_word' id='word_1_17' title='bbox 1260 151 1392 190; x_wconf 86' lang='lat' dir='ltr'>mode-</span> 
     </span>
     <span class='ocr_line' id='line_1_3' title="bbox 96 205 1392 259; baseline -0.002 -12"><span class='ocrx_word' id='word_1_18' title='bbox 96 211 189 247; x_wconf 88' lang='lat' dir='ltr'>stiae</span> <span class='ocrx_word' id='word_1_19' title='bbox 210 219 301 246; x_wconf 89' lang='lat' dir='ltr'>suae</span> <span class='ocrx_word' id='word_1_20' title='bbox 322 218 496 259; x_wconf 81' lang='lat' dir='ltr'>parcere,</span> <span class='ocrx_word' id='word_1_21' title='bbox 519 206 610 245; x_wconf 90' lang='lat' dir='ltr'>dum</span> <span class='ocrx_word' id='word_1_22' title='bbox 632 205 716 244; x_wconf 93' lang='lat' dir='ltr'>illos</span> <span class='ocrx_word' id='word_1_23' title='bbox 737 206 925 245; x_wconf 86' lang='lat' dir='ltr'>obnoxios</span> <span class='ocrx_word' id='word_1_24' title='bbox 944 207 1118 256; x_wconf 84' lang='lat' dir='ltr'>fidosque</span> <span class='ocrx_word' id='word_1_25' title='bbox 1140 206 1211 244; x_wconf 89' lang='lat' dir='ltr'>sibi</span> <span class='ocrx_word' id='word_1_26' title='bbox 1235 206 1392 246; x_wconf 84' lang='lat' dir='ltr'>faceret.</span> 
     </span>
    </p>

    <p class='ocr_par' dir='ltr' id='par_1_3' title="bbox 35 260 1424 585">
     <span class='ocr_line' id='line_1_4' title="bbox 62 260 1395 312; baseline 0 -11"><span class='ocrx_word' id='word_1_27' title='bbox 62 271 80 301; x_wconf 73' lang='grc' dir='ltr'><em>τ</em></span> <span class='ocrx_word' id='word_1_28' title='bbox 98 265 184 304; x_wconf 89' lang='lat' dir='ltr'>Scio</span> <span class='ocrx_word' id='word_1_29' title='bbox 201 264 316 302; x_wconf 86' lang='lat' dir='ltr'>fuisse</span> <span class='ocrx_word' id='word_1_30' title='bbox 332 260 539 300; x_wconf 87' lang='lat' dir='ltr'>nonnullos</span> <span class='ocrx_word' id='word_1_31' title='bbox 555 262 619 312; x_wconf 90' lang='lat' dir='ltr'>qui</span> <span class='ocrx_word' id='word_1_32' title='bbox 637 262 684 299; x_wconf 91' lang='lat' dir='ltr'>ita</span> <span class='ocrx_word' id='word_1_33' title='bbox 705 262 997 307; x_wconf 75' lang='lat' dir='ltr'>existumarent,</span> <span class='ocrx_word' id='word_1_34' title='bbox 1019 263 1252 300; x_wconf 85' lang='lat' dir='ltr'>iuventutem</span> <span class='ocrx_word' id='word_1_35' title='bbox 1264 293 1273 307; x_wconf 93' lang='lat'>‚</span> <span class='ocrx_word' id='word_1_36' title='bbox 1297 273 1395 312; x_wconf 88' lang='lat' dir='ltr'>quae</span> 
     </span>
     <span class='ocr_line' id='line_1_5' title="bbox 98 316 1395 368; baseline -0.002 -10"><span class='ocrx_word' id='word_1_37' title='bbox 98 320 255 359; x_wconf 90' lang='lat' dir='ltr'>domum</span> <span class='ocrx_word' id='word_1_38' title='bbox 286 317 465 357; x_wconf 83' lang='lat' dir='ltr'>Catilinae</span> <span class='ocrx_word' id='word_1_39' title='bbox 495 316 786 368; x_wconf 74' lang='lat' dir='ltr'>frequentabat,</span> <span class='ocrx_word' id='word_1_40' title='bbox 817 329 955 367; x_wconf 88' lang='lat' dir='ltr'>parum</span> <span class='ocrx_word' id='word_1_41' title='bbox 986 318 1145 356; x_wconf 80' lang='lat' dir='ltr'>honeste</span> <span class='ocrx_word' id='word_1_42' title='bbox 1173 317 1395 367; x_wconf 80' lang='lat' dir='ltr'>pudicitiam</span> 
     </span>
     <span class='ocr_line' id='line_1_6' title="bbox 97 371 1424 423; baseline 0 -10"><span class='ocrx_word' id='word_1_43' title='bbox 97 375 298 418; x_wconf 88' lang='lat' dir='ltr'>habuisse,</span> <span class='ocrx_word' id='word_1_44' title='bbox 329 377 386 412; x_wconf 87' lang='lat' dir='ltr'>set</span> <span class='ocrx_word' id='word_1_45' title='bbox 417 384 461 411; x_wconf 85' lang='lat' dir='ltr'>ex</span> <span class='ocrx_word' id='word_1_46' title='bbox 497 371 578 411; x_wconf 89' lang='lat' dir='ltr'>aliis</span> <span class='ocrx_word' id='word_1_47' title='bbox 611 372 729 410; x_wconf 87' lang='lat' dir='ltr'>rebus</span> <span class='ocrx_word' id='word_1_48' title='bbox 759 374 902 422; x_wconf 85' lang='lat' dir='ltr'>magis,</span> <span class='ocrx_word' id='word_1_49' title='bbox 940 385 1052 423; x_wconf 89' lang='lat' dir='ltr'>quam</span> <span class='ocrx_word' id='word_1_50' title='bbox 1085 373 1188 423; x_wconf 89' lang='lat' dir='ltr'>quod</span> <span class='ocrx_word' id='word_1_51' title='bbox 1217 373 1424 423; x_wconf 68' lang='lat' dir='ltr'>cuiquamr,</span> 
     </span>
     <span class='ocr_line' id='line_1_7' title="bbox 35 427 1395 480; baseline -0.001 -10"><span class='ocrx_word' id='word_1_52' title='bbox 35 431 136 470; x_wconf 81' lang='lat' dir='ltr'>15id</span> <span class='ocrx_word' id='word_1_53' title='bbox 167 434 395 480; x_wconf 87' lang='lat' dir='ltr'>conpertum</span> <span class='ocrx_word' id='word_1_54' title='bbox 416 429 527 473; x_wconf 87' lang='lat' dir='ltr'>soret,</span> <span class='ocrx_word' id='word_1_55' title='bbox 555 428 651 466; x_wconf 89' lang='lat' dir='ltr'>haec</span> <span class='ocrx_word' id='word_1_56' title='bbox 679 428 776 466; x_wconf 87' lang='lat' dir='ltr'>fama</span> <span class='ocrx_word' id='word_1_57' title='bbox 800 427 962 466; x_wconf 82' lang='lat' dir='ltr'>valebat.</span> <span class='ocrx_word' id='word_1_58' title='bbox 1009 428 1087 466; x_wconf 86' lang='lat' dir='ltr'>lam</span> <span class='ocrx_word' id='word_1_59' title='bbox 1107 429 1274 477; x_wconf 89' lang='lat' dir='ltr'>primum</span> <span class='ocrx_word' id='word_1_60' title='bbox 1302 429 1395 468; x_wconf 90' lang='lat' dir='ltr'>adu-</span> 
     </span>
     <span class='ocr_line' id='line_1_8' title="bbox 99 483 1396 533; baseline -0.001 -9"><span class='ocrx_word' id='word_1_61' title='bbox 99 486 248 524; x_wconf 90' lang='lat' dir='ltr'>lescens</span> <span class='ocrx_word' id='word_1_62' title='bbox 269 484 425 523; x_wconf 82' lang='lat' dir='ltr'>Catilina</span> <span class='ocrx_word' id='word_1_63' title='bbox 446 483 563 521; x_wconf 86' lang='lat' dir='ltr'>multa</span> <span class='ocrx_word' id='word_1_64' title='bbox 597 483 759 521; x_wconf 85' lang='lat' dir='ltr'>nefanda</span> <span class='ocrx_word' id='word_1_65' title='bbox 785 487 915 533; x_wconf 88' lang='lat' dir='ltr'>stupra</span> <span class='ocrx_word' id='word_1_66' title='bbox 943 484 1106 528; x_wconf 79' lang='lat' dir='ltr'>fecerat,</span> <span class='ocrx_word' id='word_1_67' title='bbox 1140 495 1227 522; x_wconf 90' lang='lat' dir='ltr'>cum</span> <span class='ocrx_word' id='word_1_68' title='bbox 1249 484 1396 533; x_wconf 81' lang='lat' dir='ltr'>virgine</span> 
     </span>
     <span class='ocr_line' id='line_1_9' title="bbox 100 537 1397 585; baseline 0 -7"><span class='ocrx_word' id='word_1_69' title='bbox 100 539 237 585; x_wconf 88' lang='lat' dir='ltr'>nobili,</span> <span class='ocrx_word' id='word_1_70' title='bbox 261 552 347 578; x_wconf 90' lang='lat' dir='ltr'>cum</span> <span class='ocrx_word' id='word_1_71' title='bbox 368 539 568 577; x_wconf 82' lang='lat' dir='ltr'>sacerdote</span> <span class='ocrx_word' id='word_1_72' title='bbox 588 538 744 582; x_wconf 82' lang='lat' dir='ltr'>Vestae,</span> <span class='ocrx_word' id='word_1_73' title='bbox 779 537 847 577; x_wconf 87' lang='lat' dir='ltr'>alia</span> <span class='ocrx_word' id='word_1_74' title='bbox 878 539 1037 577; x_wconf 89' lang='lat' dir='ltr'>huiusce</span> <span class='ocrx_word' id='word_1_75' title='bbox 1059 538 1162 576; x_wconf 87' lang='lat' dir='ltr'>modi</span> <span class='ocrx_word' id='word_1_76' title='bbox 1185 543 1316 577; x_wconf 88' lang='lat' dir='ltr'>contra</span> <span class='ocrx_word' id='word_1_77' title='bbox 1339 540 1397 578; x_wconf 87' lang='lat' dir='ltr'>ius</span> 
     </span>
    </p>

    <p class='ocr_par' dir='ltr' id='par_1_4' title="bbox 62 593 1398 647">
     <span class='ocr_line' id='line_1_10' title="bbox 62 593 1398 647; baseline -0.001 -13"><span class='ocrx_word' id='word_1_78' title='bbox 62 598 83 629; x_wconf 84' lang='lat'>2</span> <span class='ocrx_word' id='word_1_79' title='bbox 100 597 246 647; x_wconf 88' lang='lat' dir='ltr'>fasque.</span> <span class='ocrx_word' id='word_1_80' title='bbox 291 595 492 633; x_wconf 86' lang='lat' dir='ltr'>Postremo</span> <span class='ocrx_word' id='word_1_81' title='bbox 518 598 651 644; x_wconf 88' lang='lat' dir='ltr'>captus</span> <span class='ocrx_word' id='word_1_82' title='bbox 672 605 803 632; x_wconf 84' lang='lat' dir='ltr'>amore</span> <span class='ocrx_word' id='word_1_83' title='bbox 833 593 1009 633; x_wconf 83' lang='lat' dir='ltr'>Aureliae</span> <span class='ocrx_word' id='word_1_84' title='bbox 1035 593 1255 638; x_wconf 79' lang='lat' dir='ltr'>Orestillae,</span> <span class='ocrx_word' id='word_1_85' title='bbox 1289 595 1398 633; x_wconf 86' lang='lat' dir='ltr'>cuius</span> 
     </span>
    </p>
   </div>
   <div class='ocr_carea' id='block_1_3' title="bbox 97 644 1507 703">
    <p class='ocr_par' dir='ltr' id='par_1_5' title="bbox 97 644 1507 703">
     <span class='ocr_line' id='line_1_11' title="bbox 97 644 1507 703; baseline 0 -13"><span class='ocrx_word' id='word_1_86' title='bbox 97 656 253 703; x_wconf 86' lang='lat' dir='ltr'>praeter</span> <span class='ocrx_word' id='word_1_87' title='bbox 291 650 456 688; x_wconf 86' lang='lat' dir='ltr'>formam</span> <span class='ocrx_word' id='word_1_88' title='bbox 496 649 590 688; x_wconf 88' lang='lat' dir='ltr'>nihil</span> <span class='ocrx_word' id='word_1_89' title='bbox 627 661 809 699; x_wconf 86' lang='lat' dir='ltr'>umquam</span> <span class='ocrx_word' id='word_1_90' title='bbox 833 649 958 688; x_wconf 89' lang='lat' dir='ltr'>bonus</span> <span class='ocrx_word' id='word_1_91' title='bbox 997 649 1183 694; x_wconf 79' lang='lat' dir='ltr'>laudavit,</span> <span class='ocrx_word' id='word_1_92' title='bbox 1222 650 1326 701; x_wconf 90' lang='lat' dir='ltr'>quod</span> <span class='ocrx_word' id='word_1_93' title='bbox 1353 660 1397 688; x_wconf 86' lang='lat' dir='ltr'>ea</span> <span class='ocrx_word' id='word_1_94' title='bbox 1412 663 1443 690; x_wconf 77' lang='grc' dir='ltr'>ιι</span> <span class='ocrx_word' id='word_1_95' title='bbox 1500 644 1507 647; x_wconf 55' lang='grc'><em>”</em></span> 
     </span>
    </p>
   </div>
   <div class='ocr_carea' id='block_1_4' title="bbox 39 705 1457 2255">
    <p class='ocr_par' dir='ltr' id='par_1_6' title="bbox 65 705 1446 1089">
     <span class='ocr_line' id='line_1_12' title="bbox 97 705 1399 756; baseline -0.001 -11"><span class='ocrx_word' id='word_1_96' title='bbox 97 706 248 745; x_wconf 88' lang='lat' dir='ltr'>nubere</span> <span class='ocrx_word' id='word_1_97' title='bbox 272 705 324 744; x_wconf 93' lang='lat' dir='ltr'>illi</span> <span class='ocrx_word' id='word_1_98' title='bbox 345 705 544 744; x_wconf 86' lang='lat' dir='ltr'>dubitabat</span> <span class='ocrx_word' id='word_1_99' title='bbox 563 706 701 743; x_wconf 87' lang='lat' dir='ltr'>timens</span> <span class='ocrx_word' id='word_1_100' title='bbox 722 706 939 755; x_wconf 81' lang='lat' dir='ltr'>privignum</span> <span class='ocrx_word' id='word_1_101' title='bbox 960 705 1130 744; x_wconf 85' lang='lat' dir='ltr'>adultum</span> <span class='ocrx_word' id='word_1_102' title='bbox 1154 709 1297 750; x_wconf 90' lang='lat' dir='ltr'>aetate,</span> <span class='ocrx_word' id='word_1_103' title='bbox 1327 717 1399 756; x_wconf 89' lang='lat' dir='ltr'>pro</span> 
     </span>
     <span class='ocr_line' id='line_1_13' title="bbox 100 759 1400 812; baseline -0.001 -12"><span class='ocrx_word' id='word_1_104' title='bbox 100 767 206 801; x_wconf 88' lang='lat' dir='ltr'>certo</span> <span class='ocrx_word' id='word_1_105' title='bbox 238 761 407 800; x_wconf 88' lang='lat' dir='ltr'>creditur</span> <span class='ocrx_word' id='word_1_106' title='bbox 427 765 564 799; x_wconf 86' lang='lat' dir='ltr'>necato</span> <span class='ocrx_word' id='word_1_107' title='bbox 595 760 672 799; x_wconf 82' lang='lat' dir='ltr'>filio</span> <span class='ocrx_word' id='word_1_108' title='bbox 695 773 854 799; x_wconf 80' lang='lat' dir='ltr'>vacuam</span> <span class='ocrx_word' id='word_1_109' title='bbox 877 761 1033 799; x_wconf 89' lang='lat' dir='ltr'>domum</span> <span class='ocrx_word' id='word_1_110' title='bbox 1059 759 1228 799; x_wconf 77' lang='lat' dir='ltr'>scelestis</span> <span class='ocrx_word' id='word_1_111' title='bbox 1257 761 1400 812; x_wconf 89' lang='lat' dir='ltr'>nuptiis</span> 
     </span>
     <span class='ocr_line' id='line_1_14' title="bbox 65 814 1398 866; baseline -0.001 -11"><span class='ocrx_word' id='word_1_112' title='bbox 65 818 247 856; x_wconf 79' lang='lat' dir='ltr'>3fecisse.</span> <span class='ocrx_word' id='word_1_113' title='bbox 309 814 414 860; x_wconf 88' lang='lat' dir='ltr'>Quae</span> <span class='ocrx_word' id='word_1_114' title='bbox 446 816 599 866; x_wconf 85' lang='lat' dir='ltr'>quidem</span> <span class='ocrx_word' id='word_1_115' title='bbox 636 828 699 854; x_wconf 85' lang='lat' dir='ltr'>res</span> <span class='ocrx_word' id='word_1_116' title='bbox 730 816 821 854; x_wconf 89' lang='lat' dir='ltr'>mihi</span> <span class='ocrx_word' id='word_1_117' title='bbox 853 817 888 854; x_wconf 92' lang='lat' dir='ltr'>in</span> <span class='ocrx_word' id='word_1_118' title='bbox 919 817 1054 866; x_wconf 86' lang='lat' dir='ltr'>primis</span> <span class='ocrx_word' id='word_1_119' title='bbox 1083 816 1233 854; x_wconf 76' lang='lat' dir='ltr'>videtur</span> <span class='ocrx_word' id='word_1_120' title='bbox 1265 828 1398 855; x_wconf 87' lang='lat' dir='ltr'>caussa</span> 
     </span>
     <span class='ocr_line' id='line_1_15' title="bbox 66 871 1401 922; baseline -0.001 -11"><span class='ocrx_word' id='word_1_121' title='bbox 66 873 218 912; x_wconf 82' lang='lat' dir='ltr'>4suisse</span> <span class='ocrx_word' id='word_1_122' title='bbox 247 872 427 911; x_wconf 89' lang='lat' dir='ltr'>facinoris</span> <span class='ocrx_word' id='word_1_123' title='bbox 456 872 685 910; x_wconf 85' lang='lat' dir='ltr'>maturandi.</span> <span class='ocrx_word' id='word_1_124' title='bbox 731 871 905 922; x_wconf 85' lang='lat' dir='ltr'>Namque</span> <span class='ocrx_word' id='word_1_125' title='bbox 936 873 1085 910; x_wconf 85' lang='lat' dir='ltr'>animus</span> <span class='ocrx_word' id='word_1_126' title='bbox 1109 873 1288 921; x_wconf 86' lang='lat' dir='ltr'>inpurus,</span> <span class='ocrx_word' id='word_1_127' title='bbox 1320 872 1401 910; x_wconf 89' lang='lat' dir='ltr'>deis</span> 
     </span>
     <span class='ocr_line' id='line_1_16' title="bbox 99 926 1446 979; baseline 0 -12"><span class='ocrx_word' id='word_1_128' title='bbox 99 928 398 979; x_wconf 84' lang='lat' dir='ltr'>hominibusque</span> <span class='ocrx_word' id='word_1_129' title='bbox 419 926 592 972; x_wconf 73' lang='lat' dir='ltr'>infestus,</span> <span class='ocrx_word' id='word_1_130' title='bbox 614 939 740 977; x_wconf 88' lang='lat' dir='ltr'>neque</span> <span class='ocrx_word' id='word_1_131' title='bbox 752 926 891 978; x_wconf 82' lang='lat' dir='ltr'>vigiliis</span> <span class='ocrx_word' id='word_1_132' title='bbox 913 939 1040 978; x_wconf 89' lang='lat' dir='ltr'>neque</span> <span class='ocrx_word' id='word_1_133' title='bbox 1063 927 1255 978; x_wconf 82' lang='lat' dir='ltr'>quietibus</span> <span class='ocrx_word' id='word_1_134' title='bbox 1275 927 1401 966; x_wconf 86' lang='lat' dir='ltr'>sedari</span> <span class='ocrx_word' id='word_1_135' title='bbox 1416 940 1446 967; x_wconf 83' lang='lat'>1⁵</span> 
     </span>
     <span class='ocr_line' id='line_1_17' title="bbox 65 982 1402 1034; baseline -0.001 -11"><span class='ocrx_word' id='word_1_136' title='bbox 65 991 84 1023; x_wconf 73' lang='grc' dir='ltr'>ὃ</span> <span class='ocrx_word' id='word_1_137' title='bbox 100 988 272 1034; x_wconf 90' lang='lat' dir='ltr'>poterat:</span> <span class='ocrx_word' id='word_1_138' title='bbox 295 983 344 1022; x_wconf 89' lang='lat' dir='ltr'>ita</span> <span class='ocrx_word' id='word_1_139' title='bbox 372 983 602 1021; x_wconf 83' lang='lat' dir='ltr'>conscientia</span> <span class='ocrx_word' id='word_1_140' title='bbox 627 987 794 1021; x_wconf 84' lang='lat' dir='ltr'>mentem</span> <span class='ocrx_word' id='word_1_141' title='bbox 817 984 979 1022; x_wconf 88' lang='lat' dir='ltr'>excitam</span> <span class='ocrx_word' id='word_1_142' title='bbox 996 983 1179 1022; x_wconf 85' lang='lat' dir='ltr'>vastabat.</span> <span class='ocrx_word' id='word_1_143' title='bbox 1198 982 1319 1032; x_wconf 80' lang='lat' dir='ltr'>Igitur</span> <span class='ocrx_word' id='word_1_144' title='bbox 1338 995 1402 1022; x_wconf 89' lang='lat' dir='ltr'>co-</span> 
     </span>
     <span class='ocr_line' id='line_1_18' title="bbox 99 1037 1403 1089; baseline -0.002 -11"><span class='ocrx_word' id='word_1_145' title='bbox 99 1039 158 1078; x_wconf 79' lang='lat' dir='ltr'>los</span> <span class='ocrx_word' id='word_1_146' title='bbox 180 1041 213 1078; x_wconf 90' lang='lat' dir='ltr'>ei</span> <span class='ocrx_word' id='word_1_147' title='bbox 236 1039 439 1089; x_wconf 85' lang='lat' dir='ltr'>exanguis,</span> <span class='ocrx_word' id='word_1_148' title='bbox 462 1038 563 1077; x_wconf 89' lang='lat' dir='ltr'>foedi</span> <span class='ocrx_word' id='word_1_149' title='bbox 585 1037 705 1082; x_wconf 85' lang='lat' dir='ltr'>oculi,</span> <span class='ocrx_word' id='word_1_150' title='bbox 736 1039 832 1077; x_wconf 87' lang='lat' dir='ltr'>citus</span> <span class='ocrx_word' id='word_1_151' title='bbox 852 1039 967 1077; x_wconf 91' lang='lat' dir='ltr'>modo</span> <span class='ocrx_word' id='word_1_152' title='bbox 988 1039 1103 1076; x_wconf 87' lang='lat' dir='ltr'>modo</span> <span class='ocrx_word' id='word_1_153' title='bbox 1124 1038 1257 1077; x_wconf 85' lang='lat' dir='ltr'>tardus</span> <span class='ocrx_word' id='word_1_154' title='bbox 1279 1039 1403 1077; x_wconf 87' lang='lat' dir='ltr'>inces-</span> 
     </span>
    </p>

    <p class='ocr_par' dir='ltr' id='par_1_7' title="bbox 39 1093 1403 1200">
     <span class='ocr_line' id='line_1_19' title="bbox 39 1093 1403 1145; baseline -0.003 -9"><span class='ocrx_word' id='word_1_155' title='bbox 39 1097 87 1136; x_wconf 86' lang='grc'>16</span> <span class='ocrx_word' id='word_1_156' title='bbox 105 1107 194 1134; x_wconf 85' lang='lat' dir='ltr'>sus:</span> <span class='ocrx_word' id='word_1_157' title='bbox 224 1105 387 1145; x_wconf 89' lang='lat' dir='ltr'>prorsus</span> <span class='ocrx_word' id='word_1_158' title='bbox 417 1094 455 1131; x_wconf 93' lang='lat' dir='ltr'>in</span> <span class='ocrx_word' id='word_1_159' title='bbox 486 1094 581 1132; x_wconf 85' lang='lat' dir='ltr'>facie</span> <span class='ocrx_word' id='word_1_160' title='bbox 602 1093 781 1144; x_wconf 86' lang='lat' dir='ltr'>voltuque</span> <span class='ocrx_word' id='word_1_161' title='bbox 800 1094 979 1133; x_wconf 80' lang='lat' dir='ltr'>vecordia</span> <span class='ocrx_word' id='word_1_162' title='bbox 1004 1095 1140 1132; x_wconf 88' lang='lat' dir='ltr'>inerat.</span> <span class='ocrx_word' id='word_1_163' title='bbox 1187 1094 1252 1132; x_wconf 90' lang='lat' dir='ltr'>Set</span> <span class='ocrx_word' id='word_1_164' title='bbox 1272 1095 1403 1133; x_wconf 83' lang='lat' dir='ltr'>iuven-</span> 
     </span>
     <span class='ocr_line' id='line_1_20' title="bbox 102 1149 1403 1200; baseline -0.001 -11"><span class='ocrx_word' id='word_1_165' title='bbox 102 1155 244 1195; x_wconf 86' lang='lat' dir='ltr'>tutem,</span> <span class='ocrx_word' id='word_1_166' title='bbox 278 1161 414 1200; x_wconf 90' lang='lat' dir='ltr'>quam,</span> <span class='ocrx_word' id='word_1_167' title='bbox 445 1155 488 1188; x_wconf 86' lang='lat' dir='ltr'>ut</span> <span class='ocrx_word' id='word_1_168' title='bbox 517 1161 633 1199; x_wconf 88' lang='lat' dir='ltr'>supra</span> <span class='ocrx_word' id='word_1_169' title='bbox 664 1149 848 1194; x_wconf 86' lang='lat' dir='ltr'>diximus,</span> <span class='ocrx_word' id='word_1_170' title='bbox 878 1149 1085 1194; x_wconf 82' lang='lat' dir='ltr'>inlexerat,</span> <span class='ocrx_word' id='word_1_171' title='bbox 1122 1149 1249 1187; x_wconf 84' lang='lat' dir='ltr'>multis</span> <span class='ocrx_word' id='word_1_172' title='bbox 1278 1150 1403 1188; x_wconf 88' lang='lat' dir='ltr'>modis</span> 
     </span>
    </p>

    <p class='ocr_par' dir='ltr' id='par_1_8' title="bbox 68 1204 1451 1366">
     <span class='ocr_line' id='line_1_21' title="bbox 68 1204 1451 1255; baseline -0.001 -10"><span class='ocrx_word' id='word_1_173' title='bbox 68 1205 201 1248; x_wconf 58' lang='lat' dir='ltr'>‘amala</span> <span class='ocrx_word' id='word_1_174' title='bbox 224 1206 395 1244; x_wconf 86' lang='lat' dir='ltr'>facinora</span> <span class='ocrx_word' id='word_1_175' title='bbox 422 1204 621 1243; x_wconf 85' lang='lat' dir='ltr'>edocebat..</span> <span class='ocrx_word' id='word_1_176' title='bbox 664 1204 719 1242; x_wconf 87' lang='lat' dir='ltr'>Ex</span> <span class='ocrx_word' id='word_1_177' title='bbox 742 1204 814 1243; x_wconf 89' lang='lat' dir='ltr'>illis</span> <span class='ocrx_word' id='word_1_178' title='bbox 842 1206 946 1243; x_wconf 76' lang='lat' dir='ltr'>testIs</span> <span class='ocrx_word' id='word_1_179' title='bbox 973 1207 1265 1255; x_wconf 84' lang='lat' dir='ltr'>signatoresque</span> <span class='ocrx_word' id='word_1_180' title='bbox 1287 1205 1402 1243; x_wconf 89' lang='lat' dir='ltr'>falsos</span> <span class='ocrx_word' id='word_1_181' title='bbox 1417 1218 1451 1244; x_wconf 83' lang='lat'>2⁰</span> 
     </span>
     <span class='ocr_line' id='line_1_22' title="bbox 105 1259 1404 1310; baseline -0.001 -9"><span class='ocrx_word' id='word_1_182' title='bbox 105 1261 371 1301; x_wconf 85' lang='lat' dir='ltr'>commodare:</span> <span class='ocrx_word' id='word_1_183' title='bbox 394 1260 508 1299; x_wconf 86' lang='lat' dir='ltr'>fidem</span> <span class='ocrx_word' id='word_1_184' title='bbox 530 1260 702 1298; x_wconf 78' lang='lat' dir='ltr'>fortunas</span> <span class='ocrx_word' id='word_1_185' title='bbox 721 1259 890 1310; x_wconf 86' lang='lat' dir='ltr'>pericula</span> <span class='ocrx_word' id='word_1_186' title='bbox 912 1260 995 1299; x_wconf 74' lang='lat' dir='ltr'>vilia</span> <span class='ocrx_word' id='word_1_187' title='bbox 1019 1260 1184 1301; x_wconf 85' lang='lat' dir='ltr'>habere.</span> <span class='ocrx_word' id='word_1_188' title='bbox 1208 1264 1314 1310; x_wconf 90' lang='lat' dir='ltr'>post,</span> <span class='ocrx_word' id='word_1_189' title='bbox 1337 1261 1404 1300; x_wconf 91' lang='lat' dir='ltr'>ubi</span> 
     </span>
     <span class='ocr_line' id='line_1_23' title="bbox 104 1315 1405 1366; baseline -0.002 -10"><span class='ocrx_word' id='word_1_190' title='bbox 104 1329 240 1357; x_wconf 88' lang='lat' dir='ltr'>eorum</span> <span class='ocrx_word' id='word_1_191' title='bbox 270 1316 411 1355; x_wconf 87' lang='lat' dir='ltr'>famam</span> <span class='ocrx_word' id='word_1_192' title='bbox 442 1320 556 1366; x_wconf 89' lang='lat' dir='ltr'>atque</span> <span class='ocrx_word' id='word_1_193' title='bbox 585 1315 774 1365; x_wconf 85' lang='lat' dir='ltr'>pudorem</span> <span class='ocrx_word' id='word_1_194' title='bbox 806 1316 1030 1359; x_wconf 79' lang='lat' dir='ltr'>adtriverat,</span> <span class='ocrx_word' id='word_1_195' title='bbox 1071 1317 1217 1354; x_wconf 83' lang='lat' dir='ltr'>maiora</span> <span class='ocrx_word' id='word_1_196' title='bbox 1249 1316 1320 1354; x_wconf 88' lang='lat' dir='ltr'>alia</span> <span class='ocrx_word' id='word_1_197' title='bbox 1349 1317 1405 1355; x_wconf 92' lang='lat' dir='ltr'>in-</span> 
     </span>
    </p>

    <p class='ocr_par' dir='ltr' id='par_1_9' title="bbox 69 1371 1452 1534">
     <span class='ocr_line' id='line_1_24' title="bbox 69 1371 1404 1424; baseline -0.001 -12"><span class='ocrx_word' id='word_1_198' title='bbox 69 1372 284 1424; x_wconf 87' lang='lat' dir='ltr'>3perabat:</span> <span class='ocrx_word' id='word_1_199' title='bbox 317 1373 347 1410; x_wconf 89' lang='lat' dir='ltr'>si</span> <span class='ocrx_word' id='word_1_200' title='bbox 376 1382 508 1411; x_wconf 85' lang='lat' dir='ltr'>caussa</span> <span class='ocrx_word' id='word_1_201' title='bbox 533 1371 719 1421; x_wconf 90' lang='lat' dir='ltr'>peccandi</span> <span class='ocrx_word' id='word_1_202' title='bbox 741 1373 777 1409; x_wconf 89' lang='lat' dir='ltr'>in</span> <span class='ocrx_word' id='word_1_203' title='bbox 800 1383 985 1421; x_wconf 87' lang='lat' dir='ltr'>praesens</span> <span class='ocrx_word' id='word_1_204' title='bbox 1006 1372 1132 1409; x_wconf 90' lang='lat' dir='ltr'>minus</span> <span class='ocrx_word' id='word_1_205' title='bbox 1162 1371 1404 1421; x_wconf 87' lang='lat' dir='ltr'>subpetebat,</span> 
     </span>
     <span class='ocr_line' id='line_1_25' title="bbox 105 1426 1404 1477; baseline -0.002 -11"><span class='ocrx_word' id='word_1_206' title='bbox 105 1428 224 1467; x_wconf 88' lang='lat' dir='ltr'>nihilo</span> <span class='ocrx_word' id='word_1_207' title='bbox 262 1428 390 1466; x_wconf 90' lang='lat' dir='ltr'>minus</span> <span class='ocrx_word' id='word_1_208' title='bbox 422 1427 582 1465; x_wconf 88' lang='lat' dir='ltr'>insontis</span> <span class='ocrx_word' id='word_1_209' title='bbox 612 1427 722 1465; x_wconf 89' lang='lat' dir='ltr'>sicuti</span> <span class='ocrx_word' id='word_1_210' title='bbox 760 1428 878 1465; x_wconf 85' lang='lat' dir='ltr'>sontis.</span> <span class='ocrx_word' id='word_1_211' title='bbox 909 1428 1187 1466; x_wconf 81' lang='lat' dir='ltr'>circumvenire</span> <span class='ocrx_word' id='word_1_212' title='bbox 1216 1426 1404 1477; x_wconf 83' lang='lat' dir='ltr'>iugulare:</span> 
     </span>
     <span class='ocr_line' id='line_1_26' title="bbox 105 1483 1452 1534; baseline 0.001 -11"><span class='ocrx_word' id='word_1_213' title='bbox 105 1483 250 1523; x_wconf 88' lang='lat' dir='ltr'>scilicet</span> <span class='ocrx_word' id='word_1_214' title='bbox 270 1495 318 1522; x_wconf 91' lang='lat' dir='ltr'>ne</span> <span class='ocrx_word' id='word_1_215' title='bbox 349 1495 419 1534; x_wconf 91' lang='lat' dir='ltr'>per</span> <span class='ocrx_word' id='word_1_216' title='bbox 445 1483 563 1521; x_wconf 90' lang='lat' dir='ltr'>otium</span> <span class='ocrx_word' id='word_1_217' title='bbox 594 1486 860 1533; x_wconf 81' lang='lat' dir='ltr'>torpescerent</span> <span class='ocrx_word' id='word_1_218' title='bbox 887 1494 1024 1521; x_wconf 87' lang='lat' dir='ltr'>manus</span> <span class='ocrx_word' id='word_1_219' title='bbox 1046 1488 1111 1521; x_wconf 90' lang='lat' dir='ltr'>aut</span> <span class='ocrx_word' id='word_1_220' title='bbox 1134 1484 1295 1525; x_wconf 84' lang='lat' dir='ltr'>animus.</span> <span class='ocrx_word' id='word_1_221' title='bbox 1319 1494 1452 1533; x_wconf 76' lang='lat' dir='ltr'>gra-25</span> 
     </span>
    </p>

    <p class='ocr_par' dir='ltr' id='par_1_10' title="bbox 69 1537 1408 1755">
     <span class='ocr_line' id='line_1_27' title="bbox 69 1537 1407 1589; baseline 0.001 -15"><span class='ocrx_word' id='word_1_222' title='bbox 69 1544 89 1574; x_wconf 84' lang='grc'><strong>4</strong></span> <span class='ocrx_word' id='word_1_223' title='bbox 104 1540 200 1578; x_wconf 89' lang='lat' dir='ltr'>tuito</span> <span class='ocrx_word' id='word_1_224' title='bbox 226 1540 353 1589; x_wconf 89' lang='lat' dir='ltr'>potius</span> <span class='ocrx_word' id='word_1_225' title='bbox 371 1537 494 1576; x_wconf 88' lang='lat' dir='ltr'>malus</span> <span class='ocrx_word' id='word_1_226' title='bbox 515 1542 629 1588; x_wconf 90' lang='lat' dir='ltr'>atque</span> <span class='ocrx_word' id='word_1_227' title='bbox 651 1537 819 1576; x_wconf 85' lang='lat' dir='ltr'>crudelis</span> <span class='ocrx_word' id='word_1_228' title='bbox 847 1542 939 1576; x_wconf 86' lang='lat' dir='ltr'>erat.</span> <span class='ocrx_word' id='word_1_229' title='bbox 979 1539 1042 1577; x_wconf 86' lang='lat' dir='ltr'>Eis</span> <span class='ocrx_word' id='word_1_230' title='bbox 1063 1539 1194 1576; x_wconf 86' lang='lat' dir='ltr'>amicis</span> <span class='ocrx_word' id='word_1_231' title='bbox 1215 1539 1407 1589; x_wconf 87' lang='lat' dir='ltr'>sociisque</span> 
     </span>
     <span class='ocr_line' id='line_1_28' title="bbox 106 1593 1408 1643; baseline -0.002 -9"><span class='ocrx_word' id='word_1_232' title='bbox 106 1595 273 1634; x_wconf 82' lang='lat' dir='ltr'>confisus</span> <span class='ocrx_word' id='word_1_233' title='bbox 296 1593 453 1632; x_wconf 90' lang='lat' dir='ltr'>Catilina</span> <span class='ocrx_word' id='word_1_234' title='bbox 467 1623 476 1637; x_wconf 91' lang='lat'><em>‚</em></span> <span class='ocrx_word' id='word_1_235' title='bbox 508 1593 619 1631; x_wconf 90' lang='lat' dir='ltr'>simul</span> <span class='ocrx_word' id='word_1_236' title='bbox 643 1593 743 1642; x_wconf 90' lang='lat' dir='ltr'>quod</span> <span class='ocrx_word' id='word_1_237' title='bbox 775 1605 837 1631; x_wconf 90' lang='lat' dir='ltr'>aes</span> <span class='ocrx_word' id='word_1_238' title='bbox 859 1593 1023 1632; x_wconf 81' lang='lat' dir='ltr'>alienum</span> <span class='ocrx_word' id='word_1_239' title='bbox 1045 1605 1116 1643; x_wconf 90' lang='lat' dir='ltr'>per</span> <span class='ocrx_word' id='word_1_240' title='bbox 1138 1595 1262 1632; x_wconf 87' lang='lat' dir='ltr'>omnis</span> <span class='ocrx_word' id='word_1_241' title='bbox 1283 1599 1408 1632; x_wconf 86' lang='lat' dir='ltr'>terras</span> 
     </span>
     <span class='ocr_line' id='line_1_29' title="bbox 106 1648 1407 1700; baseline 0.001 -13"><span class='ocrx_word' id='word_1_242' title='bbox 106 1651 240 1700; x_wconf 83' lang='lat' dir='ltr'>ingens</span> <span class='ocrx_word' id='word_1_243' title='bbox 271 1653 372 1693; x_wconf 87' lang='lat' dir='ltr'>erat,</span> <span class='ocrx_word' id='word_1_244' title='bbox 406 1653 443 1687; x_wconf 86' lang='lat' dir='ltr'>et</span> <span class='ocrx_word' id='word_1_245' title='bbox 473 1648 574 1699; x_wconf 89' lang='lat' dir='ltr'>quod</span> <span class='ocrx_word' id='word_1_246' title='bbox 605 1648 778 1699; x_wconf 80' lang='lat' dir='ltr'>plerique</span> <span class='ocrx_word' id='word_1_247' title='bbox 810 1648 954 1687; x_wconf 87' lang='lat' dir='ltr'>Sullani</span> <span class='ocrx_word' id='word_1_248' title='bbox 985 1649 1135 1689; x_wconf 79' lang='lat' dir='ltr'>milites.</span> <span class='ocrx_word' id='word_1_249' title='bbox 1165 1648 1311 1699; x_wconf 77' lang='lat' dir='ltr'>largius</span> <span class='ocrx_word' id='word_1_250' title='bbox 1336 1661 1407 1688; x_wconf 83' lang='lat' dir='ltr'>suu</span> 
     </span>
     <span class='ocr_line' id='line_1_30' title="bbox 107 1704 1406 1755; baseline 0 -12"><span class='ocrx_word' id='word_1_251' title='bbox 107 1706 184 1749; x_wconf 88' lang='lat' dir='ltr'>usi,</span> <span class='ocrx_word' id='word_1_252' title='bbox 211 1706 434 1755; x_wconf 82' lang='lat' dir='ltr'>rapinarum</span> <span class='ocrx_word' id='word_1_253' title='bbox 467 1708 504 1743; x_wconf 91' lang='lat' dir='ltr'>et</span> <span class='ocrx_word' id='word_1_254' title='bbox 532 1705 713 1742; x_wconf 75' lang='lat' dir='ltr'>victoriae</span> <span class='ocrx_word' id='word_1_255' title='bbox 745 1706 880 1742; x_wconf 80' lang='lat' dir='ltr'>veteris</span> <span class='ocrx_word' id='word_1_256' title='bbox 901 1716 1093 1743; x_wconf 79' lang='lat' dir='ltr'>memores</span> <span class='ocrx_word' id='word_1_257' title='bbox 1125 1704 1231 1743; x_wconf 76' lang='lat' dir='ltr'>civile</span> <span class='ocrx_word' id='word_1_258' title='bbox 1261 1704 1406 1743; x_wconf 83' lang='lat' dir='ltr'>bellum</span> 
     </span>
    </p>

    <p class='ocr_par' dir='ltr' id='par_1_11' title="bbox 70 1759 1452 2033">
     <span class='ocr_line' id='line_1_31' title="bbox 70 1759 1452 1811; baseline 0.001 -11"><span class='ocrx_word' id='word_1_259' title='bbox 70 1770 90 1800; x_wconf 76' lang='lat'>5</span> <span class='ocrx_word' id='word_1_260' title='bbox 108 1760 361 1811; x_wconf 83' lang='lat' dir='ltr'>exoptabant,</span> <span class='ocrx_word' id='word_1_261' title='bbox 393 1759 673 1810; x_wconf 85' lang='lat' dir='ltr'>obprimundae</span> <span class='ocrx_word' id='word_1_262' title='bbox 702 1760 756 1798; x_wconf 89' lang='lat' dir='ltr'>rei</span> <span class='ocrx_word' id='word_1_263' title='bbox 783 1760 959 1810; x_wconf 88' lang='lat' dir='ltr'>publicae</span> <span class='ocrx_word' id='word_1_264' title='bbox 990 1759 1191 1799; x_wconf 85' lang='lat' dir='ltr'>consilium</span> <span class='ocrx_word' id='word_1_265' title='bbox 1215 1761 1326 1810; x_wconf 86' lang='lat' dir='ltr'>cepit.</span> <span class='ocrx_word' id='word_1_266' title='bbox 1365 1760 1452 1802; x_wconf 76' lang='lat' dir='ltr'>lnac</span> 
     </span>
     <span class='ocr_line' id='line_1_32' title="bbox 105 1814 1407 1865; baseline 0 -11"><span class='ocrx_word' id='word_1_267' title='bbox 105 1816 210 1855; x_wconf 87' lang='lat' dir='ltr'>Italia</span> <span class='ocrx_word' id='word_1_268' title='bbox 229 1815 358 1854; x_wconf 88' lang='lat' dir='ltr'>nullus</span> <span class='ocrx_word' id='word_1_269' title='bbox 380 1816 589 1858; x_wconf 83' lang='lat' dir='ltr'>exercitus,</span> <span class='ocrx_word' id='word_1_270' title='bbox 614 1815 684 1853; x_wconf 87' lang='lat' dir='ltr'>Gn.</span> <span class='ocrx_word' id='word_1_271' title='bbox 703 1814 908 1865; x_wconf 82' lang='lat' dir='ltr'>Pompeius</span> <span class='ocrx_word' id='word_1_272' title='bbox 929 1818 965 1854; x_wconf 92' lang='lat' dir='ltr'>in</span> <span class='ocrx_word' id='word_1_273' title='bbox 989 1817 1169 1854; x_wconf 81' lang='lat' dir='ltr'>extremis</span> <span class='ocrx_word' id='word_1_274' title='bbox 1189 1817 1302 1854; x_wconf 82' lang='lat' dir='ltr'>terris</span> <span class='ocrx_word' id='word_1_275' title='bbox 1325 1815 1407 1854; x_wconf 88' lang='lat' dir='ltr'>bel-</span> 
     </span>
     <span class='ocr_line' id='line_1_33' title="bbox 106 1869 1410 1921; baseline 0 -12"><span class='ocrx_word' id='word_1_276' title='bbox 106 1871 185 1910; x_wconf 85' lang='lat' dir='ltr'>ium</span> <span class='ocrx_word' id='word_1_277' title='bbox 217 1871 386 1921; x_wconf 79' lang='lat' dir='ltr'>gerebat,</span> <span class='ocrx_word' id='word_1_278' title='bbox 419 1871 487 1921; x_wconf 82' lang='lat' dir='ltr'>ipsi</span> <span class='ocrx_word' id='word_1_279' title='bbox 520 1869 760 1909; x_wconf 86' lang='lat' dir='ltr'>consulatum</span> <span class='ocrx_word' id='word_1_280' title='bbox 792 1872 932 1921; x_wconf 77' lang='lat' dir='ltr'>petenti</span> <span class='ocrx_word' id='word_1_281' title='bbox 955 1883 1091 1921; x_wconf 78' lang='lat' dir='ltr'>magua</span> <span class='ocrx_word' id='word_1_282' title='bbox 1116 1883 1223 1921; x_wconf 83' lang='lat' dir='ltr'>spes,</span> <span class='ocrx_word' id='word_1_283' title='bbox 1252 1875 1410 1910; x_wconf 85' lang='lat' dir='ltr'>senatus</span> 
     </span>
     <span class='ocr_line' id='line_1_34' title="bbox 107 1926 1407 1977; baseline 0 -12"><span class='ocrx_word' id='word_1_284' title='bbox 107 1926 198 1965; x_wconf 89' lang='lat' dir='ltr'>nihil</span> <span class='ocrx_word' id='word_1_285' title='bbox 229 1939 322 1965; x_wconf 88' lang='lat' dir='ltr'>sane</span> <span class='ocrx_word' id='word_1_286' title='bbox 354 1928 542 1964; x_wconf 84' lang='lat' dir='ltr'>intentus:</span> <span class='ocrx_word' id='word_1_287' title='bbox 566 1931 668 1964; x_wconf 83' lang='lat' dir='ltr'>tutae</span> <span class='ocrx_word' id='word_1_288' title='bbox 690 1926 994 1977; x_wconf 82' lang='lat' dir='ltr'>tranquillaeque</span> <span class='ocrx_word' id='word_1_289' title='bbox 1017 1939 1078 1965; x_wconf 86' lang='lat' dir='ltr'>res</span> <span class='ocrx_word' id='word_1_290' title='bbox 1103 1939 1255 1971; x_wconf 65' lang='lat' dir='ltr'>ou‘mcs,</span> <span class='ocrx_word' id='word_1_291' title='bbox 1286 1932 1344 1965; x_wconf 80' lang='lat' dir='ltr'>set</span> <span class='ocrx_word' id='word_1_292' title='bbox 1365 1939 1407 1966; x_wconf 87' lang='lat' dir='ltr'>ea</span> 
     </span>
     <span class='ocr_line' id='line_1_35' title="bbox 107 1982 737 2033; baseline 0.002 -13"><span class='ocrx_word' id='word_1_293' title='bbox 107 1994 269 2033; x_wconf 83' lang='lat' dir='ltr'>prorsus</span> <span class='ocrx_word' id='word_1_294' title='bbox 293 1987 508 2032; x_wconf 89' lang='lat' dir='ltr'>opportuna</span> <span class='ocrx_word' id='word_1_295' title='bbox 540 1982 737 2021; x_wconf 84' lang='lat' dir='ltr'>Catilinae.</span> 
     </span>
    </p>

    <p class='ocr_par' dir='ltr' id='par_1_12' title="bbox 45 2036 1457 2200">
     <span class='ocr_line' id='line_1_36' title="bbox 45 2036 1457 2090; baseline 0.001 -15"><span class='ocrx_word' id='word_1_296' title='bbox 45 2042 92 2080; x_wconf 81' lang='lat'>17</span> <span class='ocrx_word' id='word_1_297' title='bbox 222 2038 340 2087; x_wconf 66' lang='lat' dir='ltr'>Igitur</span> <span class='ocrx_word' id='word_1_298' title='bbox 372 2038 524 2075; x_wconf 78' lang='lat' dir='ltr'>circiter</span> <span class='ocrx_word' id='word_1_299' title='bbox 555 2036 745 2075; x_wconf 76' lang='lat' dir='ltr'>Kalendas</span> <span class='ocrx_word' id='word_1_300' title='bbox 776 2037 901 2075; x_wconf 85' lang='lat' dir='ltr'>lunias</span> <span class='ocrx_word' id='word_1_301' title='bbox 923 2038 962 2076; x_wconf 90' lang='lat' dir='ltr'>L.</span> <span class='ocrx_word' id='word_1_302' title='bbox 995 2040 1157 2076; x_wconf 78' lang='lat' dir='ltr'>Caesare</span> <span class='ocrx_word' id='word_1_303' title='bbox 1180 2037 1254 2090; x_wconf 85' lang='lat' dir='ltr'>[ct]</span> <span class='ocrx_word' id='word_1_304' title='bbox 1281 2038 1325 2077; x_wconf 83' lang='lat' dir='ltr'>G.</span> <span class='ocrx_word' id='word_1_305' title='bbox 1348 2038 1408 2076; x_wconf 76' lang='lat' dir='ltr'>Fi·</span> <span class='ocrx_word' id='word_1_306' title='bbox 1423 2056 1457 2083; x_wconf 69' lang='lat'>35</span> 
     </span>
     <span class='ocr_line' id='line_1_37' title="bbox 110 2092 1410 2144; baseline -0.001 -12"><span class='ocrx_word' id='word_1_307' title='bbox 110 2093 200 2144; x_wconf 79' lang='lat' dir='ltr'>gulo</span> <span class='ocrx_word' id='word_1_308' title='bbox 219 2092 441 2131; x_wconf 85' lang='lat' dir='ltr'>consulibus</span> <span class='ocrx_word' id='word_1_309' title='bbox 459 2093 584 2143; x_wconf 85' lang='lat' dir='ltr'>primo</span> <span class='ocrx_word' id='word_1_310' title='bbox 602 2092 772 2142; x_wconf 81' lang='lat' dir='ltr'>singulos</span> <span class='ocrx_word' id='word_1_311' title='bbox 790 2093 1002 2142; x_wconf 80' lang='lat' dir='ltr'>adpellare,</span> <span class='ocrx_word' id='word_1_312' title='bbox 1029 2094 1172 2131; x_wconf 86' lang='lat' dir='ltr'>hortari</span> <span class='ocrx_word' id='word_1_313' title='bbox 1191 2094 1284 2131; x_wconf 79' lang='lat' dir='ltr'>alios</span> <span class='ocrx_word' id='word_1_314' title='bbox 1315 2093 1410 2132; x_wconf 83' lang='lat' dir='ltr'>alios</span> 
     </span>
     <span class='ocr_line' id='line_1_38' title="bbox 109 2149 1409 2200; baseline -0.001 -12"><span class='ocrx_word' id='word_1_315' title='bbox 109 2155 318 2200; x_wconf 82' lang='lat' dir='ltr'>temptare:</span> <span class='ocrx_word' id='word_1_316' title='bbox 342 2160 434 2198; x_wconf 85' lang='lat' dir='ltr'>opes</span> <span class='ocrx_word' id='word_1_317' title='bbox 455 2160 552 2187; x_wconf 77' lang='lat' dir='ltr'>suas.</span> <span class='ocrx_word' id='word_1_318' title='bbox 572 2149 784 2197; x_wconf 85' lang='lat' dir='ltr'>inparatam</span> <span class='ocrx_word' id='word_1_319' title='bbox 808 2161 888 2187; x_wconf 81' lang='lat' dir='ltr'>rem</span> <span class='ocrx_word' id='word_1_320' title='bbox 912 2149 1116 2198; x_wconf 75' lang='lat' dir='ltr'>publicam.</span> <span class='ocrx_word' id='word_1_321' title='bbox 1141 2161 1277 2197; x_wconf 70' lang='lat' dir='ltr'>magna</span> <span class='ocrx_word' id='word_1_322' title='bbox 1299 2161 1409 2198; x_wconf 78' lang='lat' dir='ltr'>prae-</span> 
     </span>
    </p>

    <p class='ocr_par' dir='ltr' id='par_1_13' title="bbox 75 2204 1411 2255">
     <span class='ocr_line' id='line_1_39' title="bbox 75 2204 1411 2255; baseline -0.001 -12"><span class='ocrx_word' id='word_1_323' title='bbox 75 2206 181 2247; x_wconf 86' lang='lat' dir='ltr'>·2mia</span> <span class='ocrx_word' id='word_1_324' title='bbox 215 2204 490 2244; x_wconf 76' lang='lat' dir='ltr'>coniurationis</span> <span class='ocrx_word' id='word_1_325' title='bbox 520 2204 671 2241; x_wconf 78' lang='lat' dir='ltr'>docere.</span> <span class='ocrx_word' id='word_1_326' title='bbox 740 2204 810 2241; x_wconf 66' lang='lat' dir='ltr'>vbi</span> <span class='ocrx_word' id='word_1_327' title='bbox 841 2205 931 2242; x_wconf 80' lang='lat' dir='ltr'>satis</span> <span class='ocrx_word' id='word_1_328' title='bbox 962 2204 1158 2254; x_wconf 80' lang='lat' dir='ltr'>explorata</span> <span class='ocrx_word' id='word_1_329' title='bbox 1191 2211 1277 2242; x_wconf 89' lang='lat' dir='ltr'>sunt</span> <span class='ocrx_word' id='word_1_330' title='bbox 1312 2217 1411 2255; x_wconf 84' lang='lat' dir='ltr'>qnae</span> 
     </span>
    </p>
   </div>
   <div class='ocr_carea' id='block_1_5' title="bbox 1465 0 1537 1321">
    <p class='ocr_par' dir='ltr' id='par_1_14' title="bbox 1465 0 1537 1321">
     <span class='ocr_line' id='line_1_40' title="bbox 1465 0 1537 1321; baseline 0 0"><span class='ocrx_word' id='word_1_331' title='bbox 1465 0 1537 1321; x_wconf 95' lang='lat' dir='ltr'> </span> 
     </span>
    </p>
   </div>
   <div class='ocr_carea' id='block_1_6' title="bbox 1525 1473 1537 1706">
    <p class='ocr_par' dir='ltr' id='par_1_15' title="bbox 1525 1473 1537 1706">
     <span class='ocr_line' id='line_1_41' title="bbox 1525 1473 1537 1706; textangle 90"><span class='ocrx_word' id='word_1_332' title='bbox 1535 1702 1537 1706; x_wconf 95' lang='lat'>.</span> <span class='ocrx_word' id='word_1_333' title='bbox 1531 1665 1537 1684; x_wconf 69' lang='lat'>..-</span> <span class='ocrx_word' id='word_1_334' title='bbox 1525 1473 1537 1647; x_wconf 48' lang='lat' dir='ltr'>,a-tA-..fiz-</span> 
     </span>
    </p>
   </div>
  </div>
 </body>
</html>
