1537 2512
367 101 422 126 m:
447 99 580 126 nmmo
606 98 871 125 xvovn'rnmo
905 98 938 125 c.
970 93 1024 126 24.
1055 93 1109 126 25.
1331 87 1382 126 53

93 203 150 237 est
178 197 351 241 relicum,
379 198 453 236 nisi
477 198 533 236 vis
550 202 691 240 vostra,
723 208 799 246 quo
821 195 966 234 moveri
990 195 1132 245 possit?
1188 195 1284 235 Nam
1313 205 1420 244 egoo

94 253 248 304 quidem
274 251 423 296 vellem,
455 257 492 291 et
520 252 617 291 haec
647 263 745 301 quae
767 251 915 295 scribo,
940 255 978 289 et
996 250 1057 289 illa
1087 263 1184 302 quae
1204 256 1315 291 antea
1344 254 1383 291 in

92 313 226 347 senatu
260 312 416 358 questus
435 319 539 350 sum,
566 317 661 344 vana
682 306 808 345 forent
835 307 962 356 potius
986 317 1098 356 quam
1123 308 1275 346 miseria
1299 319 1384 347 mea

93 363 207 402 tidem
244 361 371 401 verbis
401 361 555 401 faceret.
622 361 688 400 Set
718 362 898 412 quoniam
928 373 973 400 eo
1002 365 1113 400 natus
1137 373 1234 406 sum,
1260 368 1302 401 ut
1320 362 1381 402 Iu-
1400 374 1440 407 10

66 417 257 467 :vgurthae
286 416 477 456 scelerum
506 418 671 455 ostentui
696 428 843 460 essem,
874 427 952 454 non
971 417 1046 454 iam
1065 423 1229 456 mortem
1260 429 1384 468 neque

90 483 308 516 aerumnas,
339 477 487 510 tantum
507 472 622 510 modo
643 472 784 509 inimici
802 473 1010 522 imperium
1033 479 1070 510 et
1085 473 1276 512 cruciatus
1299 485 1384 511 cor-

90 529 196 577 poris
226 527 427 576 deprecor.
485 527 620 576 Regno
648 526 869 571 Numidiae,
901 526 1002 576 quod
1030 531 1202 566 vostrum
1228 532 1301 570 est,
1329 529 1384 567 uti

90 581 209 626 lubet,
242 581 446 620 consulite:
470 594 532 620 me
552 581 730 620 manibus
748 581 860 630 inpiis
881 581 1026 631 eripite,
1057 593 1127 632 per
1148 582 1385 622 maiestatem

87 638 240 688 imperi,
259 648 330 687 per
357 637 543 676 amicitiae
573 637 699 679 fidem,
727 637 758 674 si
785 635 860 674 ulla
890 636 992 686 apud
1023 648 1089 674 vos
1109 639 1295 676 memoria
1322 650 1384 678 re·

43 701 76 729 ιο
90 697 220 731 manet
248 693 307 730 avi
337 693 411 730 mei
439 691 684 730 Masinissae.¹

201 747 268 785 His
303 747 440 785 litteris
477 747 646 785 recitatis
674 746 782 785 suere
814 747 877 796 qui
908 747 1119 784 exercitum
1148 747 1187 784 in
1217 746 1383 786 Africam
1400 748 1451 789 25

88 802 319 840 mittundum
356 806 560 840 censerent
598 807 636 840 et
675 813 789 851 quam
818 802 985 850 primum
1012 801 1222 840 Adherbali
1247 801 1384 842 subve-

89 857 297 901 niundum,
328 856 376 895 de
406 855 589 906 Iugurtha
620 857 773 895 interim
804 857 858 894 uti
887 855 1176 900 consuleretur,
1206 858 1384 907 quoniam

86 912 222 962 legatis
249 923 327 950 non
356 912 559 961 paruisset.
592 911 658 950 Set
682 911 728 950 ab
761 911 905 950 eisdem
934 910 1007 949 illis
1037 912 1140 960 regis
1170 912 1418 951 fautoribuse

40 979 70 1005 15
87 978 237 1006 summa
267 978 340 1016 ope
369 968 535 1010 enisum,
566 978 615 1006 ne
644 966 718 1006 tale
745 967 942 1005 decretum
971 967 1092 1005 fieret.
1152 966 1207 1004 Ita
1236 966 1415 1007 bonum3

86 1021 296 1073 publicum,
321 1027 364 1060 ut
393 1024 430 1060 in
459 1021 653 1073 plerisque
683 1022 844 1070 negotiis
874 1021 982 1065 solet,
1009 1023 1153 1071 privata
1175 1023 1294 1072 gratia
1317 1023 1383 1062 de-

87 1079 241 1116 uictum.
278 1077 472 1128 Legantur
496 1082 624 1116 tamen
652 1078 690 1115 in
709 1078 874 1115 Africam
894 1077 1059 1115 maiores
1087 1082 1178 1116 natu
1221 1077 1416 1120 nobiles,4

87 1131 222 1182 amplis
249 1131 462 1171 honoribus
492 1133 570 1175 usi,
610 1133 648 1170 in
679 1133 763 1182 quis
801 1132 871 1170 suit
906 1131 954 1170 M.
994 1131 1183 1176 Scaurus,
1226 1132 1273 1171 de
1309 1145 1384 1184 quo

86 1199 202 1237 supra
232 1188 547 1229 memoravimus,
586 1186 798 1225 consularis
828 1192 865 1225 et
900 1192 981 1225 tum
1009 1192 1162 1226 senatus
1191 1189 1383 1239 princeps.

39 1242 142 1286 20Ei,
174 1242 277 1292 quod
295 1254 359 1281 res
380 1244 417 1281 in
447 1241 583 1280 invidia
605 1247 699 1286 erat,
714 1241 825 1280 simul
852 1247 889 1281 et
913 1242 960 1280 ab
982 1241 1156 1282 Numidis
1177 1242 1380 1288 obsecrati,
1395 1253 1415 1285 5

87 1297 214 1336 triduo
243 1298 366 1336 navim
400 1296 622 1336 ascendere.
648 1298 741 1336 Dein
761 1296 869 1335 brevi
895 1297 1042 1337 Uticam
1065 1297 1215 1348 adpulsi
1239 1297 1384 1338 litteras

87 1353 133 1391 ad
166 1351 392 1403 Iugurtham
422 1353 588 1395 mittunt,
619 1363 735 1402 quam
765 1354 954 1391 ocissume
983 1353 1030 1391 ad
1054 1354 1288 1402 provinciam
1317 1354 1383 1392 ad-

87 1408 208 1451 cedat,
236 1418 355 1458 seque
376 1408 422 1446 ad
445 1419 532 1445 eum
556 1407 602 1445 ab
625 1412 759 1446 senatu
780 1408 928 1445 missos.
971 1407 1037 1446 Ille
1058 1407 1124 1446 ubi
1145 1409 1293 1457 accepit
1311 1408 1381 1447 ho·
1395 1417 1416 1450 6

82 1464 207 1501 mines
224 1461 361 1506 claros,
383 1474 547 1513 quorum
565 1463 831 1501 auctoritatem
844 1461 989 1501 Romae
1008 1462 1154 1512 pollere
1173 1463 1380 1508 audiverat,

35 1532 68 1559 25
85 1522 218 1556 contra
234 1518 430 1568 inceptum
447 1528 559 1555 suum
575 1518 736 1560 venisse,
758 1518 882 1567 primo
905 1522 1120 1561 conmotus,
1142 1522 1247 1557 metu
1267 1523 1382 1570 atque

55 1570 60 1575 ’
81 1572 252 1612 lubidine
277 1573 451 1611 divorsus
472 1571 706 1622 agitabatur:
739 1572 898 1611 timebat
920 1573 1017 1611 iram
1043 1577 1217 1616 senatus,
1248 1575 1287 1612 ni
1315 1586 1416 1624 ρει-7

81 1629 221 1667 ruisset
248 1627 401 1677 legatis:
432 1639 549 1678 porro
573 1629 722 1666 animus
750 1627 930 1678 cupidine
951 1639 1089 1667 caecus
1109 1629 1155 1667 ad
1186 1629 1380 1680 inceptum

81 1683 208 1723 scelus
237 1683 472 1733 rapiebatur.
534 1681 628 1721 Vicit
658 1688 785 1722 tamen
814 1684 851 1721 in
892 1683 1002 1722 avido
1038 1684 1191 1734 ingenio
1221 1695 1416 1734 pravomg

82 1738 296 1778 consilium.
366 1737 486 1789 Igitur
523 1739 695 1777 exercitu
733 1738 970 1777 circumdato
996 1750 1146 1777 summa
1172 1739 1207 1777 vi
1237 1738 1414 1783 Cirtam9

33 1805 67 1833 so
80 1795 304 1844 inrumpere
332 1795 483 1837 nititur,
511 1805 689 1832 maxume
713 1805 873 1843 sperans
898 1793 1050 1832 diducta
1074 1805 1190 1832 manu
1211 1793 1379 1833 hostium

80 1855 146 1889 aut
173 1850 209 1887 vi
238 1853 304 1887 aut
339 1848 435 1887 dolis
466 1860 550 1887 sese
580 1860 710 1887 casum
739 1850 920 1887 victoriae
950 1849 1209 1887 inventurum.
1268 1847 1378 1893 Quod
1396 1857 1436 1890 10

78 1904 146 1944 ubi
166 1915 278 1943 secus
298 1904 483 1953 procedit,
506 1915 632 1954 neque
659 1903 761 1954 quod
780 1903 997 1943 intenderat
1017 1903 1170 1943 efficere
1192 1909 1319 1954 potest
1339 1910 1381 1943 ut

78 1961 187 2009 prius
207 1971 323 2010 quam
343 1957 489 2009 legatos
515 1959 737 1997 conveniret
752 1958 981 1997 Adherbalis
1004 1959 1206 2009 potiretur,
1228 1971 1276 1998 ne
1299 1971 1379 1998 am-

78 2015 180 2066 plius
215 2014 402 2052 morando
439 2013 649 2057 Scaurum,
678 2025 792 2064 quem
823 2013 1046 2063 plurumum
1077 2014 1289 2058 metuebat,
1322 2016 1379 2053 in·

32 2071 275 2113 ascenderet,
309 2081 395 2107 cum
427 2070 561 2119 paucis
588 2069 780 2120 equitibus
811 2070 848 2107 in
881 2071 1115 2119 provinciam
1146 2071 1259 2108 venit.
1323 2071 1377 2108 Ac
1398 2076 1430 2107 tl

78 2125 228 2165 tametsi
249 2125 371 2163 senati
400 2123 527 2162 verbis
551 2134 687 2173 graves
717 2125 842 2162 minae
870 2123 1164 2167 nuntiabantur,
1203 2124 1304 2175 quod
1330 2124 1378 2163 ab

78 2179 367 2232 obpugnatione
406 2191 483 2217 non
516 2179 734 2222 desisteret,
775 2179 893 2218 multa
924 2184 1051 2218 tamen
1082 2180 1255 2218 oratione
1287 2191 1373 2218 con-

78 2240 229 2286 sumpta
257 2234 373 2283 legati
401 2235 542 2273 frustra
573 2234 796 2274 discessere.
