<?xml version="1.0" encoding="UTF-8"?>
<!DOCTYPE html PUBLIC "-//W3C//DTD XHTML 1.0 Transitional//EN"
    "http://www.w3.org/TR/xhtml1/DTD/xhtml1-transitional.dtd">
<html xmlns="http://www.w3.org/1999/xhtml" xml:lang="en" lang="en">
 <head>
  <title>
</title>
<meta http-equiv="Content-Type" content="text/html;charset=utf-8" />
  <meta name='ocr-system' content='tesseract 3.04.00' />
  <meta name='ocr-capabilities' content='ocr_page ocr_carea ocr_par ocr_line ocrx_word'/>
</head>
<body>
  <div class='ocr_page' id='page_1' title='image "./libridecatilinae00salluoft_0056.png"; bbox 0 0 1537 2512; ppageno 0'>
   <div class='ocr_carea' id='block_1_1' title="bbox 121 80 1222 120">
    <p class='ocr_par' dir='ltr' id='par_1_1' title="bbox 121 80 1222 120">
     <span class='ocr_line' id='line_1_1' title="bbox 121 80 1222 120; baseline -0.005 0"><span class='ocrx_word' id='word_1_1' title='bbox 121 80 173 120; x_wconf 80' lang='lat'>34</span> <span class='ocrx_word' id='word_1_2' title='bbox 319 92 373 118; x_wconf 78' lang='lat' dir='ltr'>m:</span> <span class='ocrx_word' id='word_1_3' title='bbox 402 90 629 117; x_wconf 69' lang='lat' dir='ltr'>cA‘rmmAE</span> <span class='ocrx_word' id='word_1_4' title='bbox 662 89 984 118; x_wconf 68' lang='lat' dir='ltr'>comvnATmNn</span> <span class='ocrx_word' id='word_1_5' title='bbox 1017 89 1053 117; x_wconf 86' lang='lat' dir='ltr'>c.</span> <span class='ocrx_word' id='word_1_6' title='bbox 1081 83 1137 118; x_wconf 86' lang='lat'>57.</span> <span class='ocrx_word' id='word_1_7' title='bbox 1165 83 1222 118; x_wconf 81' lang='lat'>58.</span> 
     </span>
    </p>
   </div>
   <div class='ocr_carea' id='block_1_2' title="bbox 54 187 1537 2303">
    <p class='ocr_par' dir='ltr' id='par_1_2' title="bbox 121 187 1421 238">
     <span class='ocr_line' id='line_1_2' title="bbox 121 187 1421 238; baseline -0.002 -8"><span class='ocrx_word' id='word_1_8' title='bbox 121 190 286 235; x_wconf 84' lang='lat' dir='ltr'>sidebat‚</span> <span class='ocrx_word' id='word_1_9' title='bbox 320 202 366 229; x_wconf 81' lang='lat' dir='ltr'>ex</span> <span class='ocrx_word' id='word_1_10' title='bbox 391 188 610 228; x_wconf 83' lang='lat' dir='ltr'>difficultate</span> <span class='ocrx_word' id='word_1_11' title='bbox 635 200 769 227; x_wconf 83' lang='lat' dir='ltr'>rerum</span> <span class='ocrx_word' id='word_1_12' title='bbox 794 188 927 228; x_wconf 89' lang='lat' dir='ltr'>eadem</span> <span class='ocrx_word' id='word_1_13' title='bbox 950 187 1011 227; x_wconf 87' lang='lat' dir='ltr'>illa</span> <span class='ocrx_word' id='word_1_14' title='bbox 1036 188 1290 232; x_wconf 79' lang='lat' dir='ltr'>existumans,</span> <span class='ocrx_word' id='word_1_15' title='bbox 1322 199 1421 238; x_wconf 86' lang='lat' dir='ltr'>quae</span> 
     </span>
    </p>

    <p class='ocr_par' dir='ltr' id='par_1_3' title="bbox 84 243 1422 406">
     <span class='ocr_line' id='line_1_3' title="bbox 84 243 1420 296; baseline -0.001 -12"><span class='ocrx_word' id='word_1_16' title='bbox 84 255 236 296; x_wconf 84' lang='lat' dir='ltr'>3supra</span> <span class='ocrx_word' id='word_1_17' title='bbox 269 246 452 290; x_wconf 80' lang='lat' dir='ltr'>diximus,</span> <span class='ocrx_word' id='word_1_18' title='bbox 484 244 683 283; x_wconf 86' lang='lat' dir='ltr'>Catilinam</span> <span class='ocrx_word' id='word_1_19' title='bbox 710 245 866 294; x_wconf 86' lang='lat' dir='ltr'>agitare.</span> <span class='ocrx_word' id='word_1_20' title='bbox 926 244 1046 294; x_wconf 82' lang='lat' dir='ltr'>Igitur</span> <span class='ocrx_word' id='word_1_21' title='bbox 1073 243 1140 282; x_wconf 87' lang='lat' dir='ltr'>uhi</span> <span class='ocrx_word' id='word_1_22' title='bbox 1159 244 1232 282; x_wconf 86' lang='lat' dir='ltr'>iter</span> <span class='ocrx_word' id='word_1_23' title='bbox 1261 243 1344 282; x_wconf 90' lang='lat' dir='ltr'>eius</span> <span class='ocrx_word' id='word_1_24' title='bbox 1374 255 1420 283; x_wconf 85' lang='lat' dir='ltr'>ex</span> 
     </span>
     <span class='ocr_line' id='line_1_4' title="bbox 119 297 1420 352; baseline -0.002 -12"><span class='ocrx_word' id='word_1_25' title='bbox 119 301 293 352; x_wconf 78' lang='lat' dir='ltr'>perfugis</span> <span class='ocrx_word' id='word_1_26' title='bbox 317 301 506 351; x_wconf 77' lang='lat' dir='ltr'>cognovit,</span> <span class='ocrx_word' id='word_1_27' title='bbox 531 304 656 339; x_wconf 90' lang='lat' dir='ltr'>castra</span> <span class='ocrx_word' id='word_1_28' title='bbox 685 311 853 350; x_wconf 86' lang='lat' dir='ltr'>propere</span> <span class='ocrx_word' id='word_1_29' title='bbox 883 300 1000 338; x_wconf 75' lang='lat' dir='ltr'>movit</span> <span class='ocrx_word' id='word_1_30' title='bbox 1023 311 1068 338; x_wconf 89' lang='lat' dir='ltr'>ac</span> <span class='ocrx_word' id='word_1_31' title='bbox 1097 297 1168 338; x_wconf 88' lang='lat' dir='ltr'>sub</span> <span class='ocrx_word' id='word_1_32' title='bbox 1197 299 1289 348; x_wconf 85' lang='lat' dir='ltr'>ipsis</span> <span class='ocrx_word' id='word_1_33' title='bbox 1318 300 1420 338; x_wconf 88' lang='lat' dir='ltr'>radi-</span> 
     </span>
     <span class='ocr_line' id='line_1_5' title="bbox 121 354 1422 406; baseline -0.001 -11"><span class='ocrx_word' id='word_1_34' title='bbox 121 357 229 395; x_wconf 83' lang='lat' dir='ltr'><strong>cibus</strong></span> <span class='ocrx_word' id='word_1_35' title='bbox 253 357 440 395; x_wconf 89' lang='lat' dir='ltr'>montium</span> <span class='ocrx_word' id='word_1_36' title='bbox 471 355 662 400; x_wconf 82' lang='lat' dir='ltr'>consedit,</span> <span class='ocrx_word' id='word_1_37' title='bbox 694 367 768 406; x_wconf 87' lang='lat' dir='ltr'>qua</span> <span class='ocrx_word' id='word_1_38' title='bbox 794 355 845 394; x_wconf 88' lang='lat' dir='ltr'>illi</span> <span class='ocrx_word' id='word_1_39' title='bbox 867 355 1076 394; x_wconf 85' lang='lat' dir='ltr'>descensus</span> <span class='ocrx_word' id='word_1_40' title='bbox 1096 359 1179 393; x_wconf 91' lang='lat' dir='ltr'>erat</span> <span class='ocrx_word' id='word_1_41' title='bbox 1198 355 1237 393; x_wconf 90' lang='lat' dir='ltr'>in</span> <span class='ocrx_word' id='word_1_42' title='bbox 1260 354 1422 394; x_wconf 82' lang='lat' dir='ltr'><strong>Galliam</strong></span> 
     </span>
    </p>

    <p class='ocr_par' dir='ltr' id='par_1_4' title="bbox 84 409 1452 517">
     <span class='ocr_line' id='line_1_6' title="bbox 84 409 1452 462; baseline 0.001 -12"><span class='ocrx_word' id='word_1_43' title='bbox 84 420 106 450; x_wconf 82' lang='lat'>4</span> <span class='ocrx_word' id='word_1_44' title='bbox 119 412 355 462; x_wconf 81' lang='lat' dir='ltr'>properanti.</span> <span class='ocrx_word' id='word_1_45' title='bbox 387 411 520 462; x_wconf 86' lang='lat' dir='ltr'>Neque</span> <span class='ocrx_word' id='word_1_46' title='bbox 539 417 666 450; x_wconf 88' lang='lat' dir='ltr'>tamen</span> <span class='ocrx_word' id='word_1_47' title='bbox 682 411 868 450; x_wconf 81' lang='lat' dir='ltr'>Antonius</span> <span class='ocrx_word' id='word_1_48' title='bbox 884 410 1022 461; x_wconf 87' lang='lat' dir='ltr'>procul</span> <span class='ocrx_word' id='word_1_49' title='bbox 1037 409 1182 452; x_wconf 88' lang='lat' dir='ltr'>aberat.</span> <span class='ocrx_word' id='word_1_50' title='bbox 1199 414 1333 461; x_wconf 86' lang='lat' dir='ltr'>utpote</span> <span class='ocrx_word' id='word_1_51' title='bbox 1357 411 1452 462; x_wconf 69' lang='lat' dir='ltr'>quis</span> 
     </span>
     <span class='ocr_line' id='line_1_7' title="bbox 120 466 1424 517; baseline 0 -11"><span class='ocrx_word' id='word_1_52' title='bbox 120 479 260 517; x_wconf 83' lang='lat' dir='ltr'>magno</span> <span class='ocrx_word' id='word_1_53' title='bbox 282 468 453 506; x_wconf 80' lang='lat' dir='ltr'>exercitu</span> <span class='ocrx_word' id='word_1_54' title='bbox 473 467 568 506; x_wconf 85' lang='lat' dir='ltr'>locis</span> <span class='ocrx_word' id='word_1_55' title='bbox 587 466 834 517; x_wconf 80' lang='lat' dir='ltr'>aequioribus</span> <span class='ocrx_word' id='word_1_56' title='bbox 855 466 1034 516; x_wconf 83' lang='lat' dir='ltr'>expedito</span> <span class='ocrx_word' id='word_1_57' title='bbox 1059 467 1081 491; x_wconf 66' lang='lat'>³¹⁵</span> <span class='ocrx_word' id='word_1_58' title='bbox 1094 467 1116 492; x_wconf 75' lang='lat'>&#39;¹‘</span> <span class='ocrx_word' id='word_1_59' title='bbox 1128 467 1220 494; x_wconf 68' lang='lat'><strong><em>*⁸¹⁶*</em></strong></span> <span class='ocrx_word' id='word_1_60' title='bbox 1233 469 1256 494; x_wconf 70' lang='lat'>³¹⁵</span> <span class='ocrx_word' id='word_1_61' title='bbox 1277 467 1318 505; x_wconf 90' lang='lat' dir='ltr'>in</span> <span class='ocrx_word' id='word_1_62' title='bbox 1333 467 1424 517; x_wconf 84' lang='lat' dir='ltr'>fuga</span> 
     </span>
    </p>

    <p class='ocr_par' dir='ltr' id='par_1_5' title="bbox 86 520 1467 840">
     <span class='ocr_line' id='line_1_8' title="bbox 86 520 1423 573; baseline -0.001 -10"><span class='ocrx_word' id='word_1_63' title='bbox 86 532 105 563; x_wconf 82' lang='grc'>5</span> <span class='ocrx_word' id='word_1_64' title='bbox 119 528 360 573; x_wconf 82' lang='lat' dir='ltr'>sequeretur.</span> <span class='ocrx_word' id='word_1_65' title='bbox 396 522 463 561; x_wconf 90' lang='lat' dir='ltr'>Set</span> <span class='ocrx_word' id='word_1_66' title='bbox 484 521 641 561; x_wconf 82' lang='lat' dir='ltr'>Catilina</span> <span class='ocrx_word' id='word_1_67' title='bbox 663 526 866 572; x_wconf 82' lang='lat' dir='ltr'>postquam</span> <span class='ocrx_word' id='word_1_68' title='bbox 886 522 988 560; x_wconf 85' lang='lat' dir='ltr'>videt</span> <span class='ocrx_word' id='word_1_69' title='bbox 1006 520 1202 560; x_wconf 86' lang='lat' dir='ltr'>montibus</span> <span class='ocrx_word' id='word_1_70' title='bbox 1223 526 1339 573; x_wconf 91' lang='lat' dir='ltr'>atque</span> <span class='ocrx_word' id='word_1_71' title='bbox 1359 533 1423 561; x_wconf 88' lang='lat' dir='ltr'>co·</span> 
     </span>
     <span class='ocr_line' id='line_1_9' title="bbox 119 577 1425 629; baseline -0.001 -12"><span class='ocrx_word' id='word_1_72' title='bbox 119 579 193 629; x_wconf 91' lang='lat' dir='ltr'>piis</span> <span class='ocrx_word' id='word_1_73' title='bbox 209 579 377 617; x_wconf 87' lang='lat' dir='ltr'>hostium</span> <span class='ocrx_word' id='word_1_74' title='bbox 393 589 477 617; x_wconf 91' lang='lat' dir='ltr'>sese</span> <span class='ocrx_word' id='word_1_75' title='bbox 495 577 680 621; x_wconf 89' lang='lat' dir='ltr'>clausum,</span> <span class='ocrx_word' id='word_1_76' title='bbox 699 578 736 615; x_wconf 87' lang='lat' dir='ltr'>in</span> <span class='ocrx_word' id='word_1_77' title='bbox 752 577 849 617; x_wconf 90' lang='lat' dir='ltr'>urbe</span> <span class='ocrx_word' id='word_1_78' title='bbox 863 589 927 616; x_wconf 90' lang='lat' dir='ltr'>res</span> <span class='ocrx_word' id='word_1_79' title='bbox 941 577 1142 621; x_wconf 83' lang='lat' dir='ltr'>advorsas,</span> <span class='ocrx_word' id='word_1_80' title='bbox 1161 589 1290 628; x_wconf 90' lang='lat' dir='ltr'>neque</span> <span class='ocrx_word' id='word_1_81' title='bbox 1310 577 1425 628; x_wconf 77' lang='lat' dir='ltr'>fugae</span> 
     </span>
     <span class='ocr_line' id='line_1_10' title="bbox 119 632 1425 685; baseline 0 -13"><span class='ocrx_word' id='word_1_82' title='bbox 119 646 246 685; x_wconf 86' lang='lat' dir='ltr'>neque</span> <span class='ocrx_word' id='word_1_83' title='bbox 270 634 438 684; x_wconf 84' lang='lat' dir='ltr'>praesidi</span> <span class='ocrx_word' id='word_1_84' title='bbox 456 633 574 672; x_wconf 88' lang='lat' dir='ltr'>ullam</span> <span class='ocrx_word' id='word_1_85' title='bbox 593 644 714 683; x_wconf 86' lang='lat' dir='ltr'>spem,</span> <span class='ocrx_word' id='word_1_86' title='bbox 744 637 945 683; x_wconf 88' lang='lat' dir='ltr'>optumum</span> <span class='ocrx_word' id='word_1_87' title='bbox 975 632 1078 672; x_wconf 85' lang='lat' dir='ltr'>factu</span> <span class='ocrx_word' id='word_1_88' title='bbox 1101 637 1208 672; x_wconf 87' lang='lat' dir='ltr'>ratus</span> <span class='ocrx_word' id='word_1_89' title='bbox 1228 633 1268 672; x_wconf 88' lang='lat' dir='ltr'>in</span> <span class='ocrx_word' id='word_1_90' title='bbox 1295 632 1358 672; x_wconf 86' lang='lat' dir='ltr'>tali</span> <span class='ocrx_word' id='word_1_91' title='bbox 1380 644 1425 672; x_wconf 89' lang='lat' dir='ltr'>re</span> 
     </span>
     <span class='ocr_line' id='line_1_11' title="bbox 120 688 1467 740; baseline -0.001 -12"><span class='ocrx_word' id='word_1_92' title='bbox 120 691 316 729; x_wconf 86' lang='lat' dir='ltr'>fortunam</span> <span class='ocrx_word' id='word_1_93' title='bbox 336 689 427 728; x_wconf 87' lang='lat' dir='ltr'>belli</span> <span class='ocrx_word' id='word_1_94' title='bbox 451 693 657 739; x_wconf 79' lang='lat' dir='ltr'>temptare,</span> <span class='ocrx_word' id='word_1_95' title='bbox 667 690 797 728; x_wconf 87' lang='lat' dir='ltr'>statuit</span> <span class='ocrx_word' id='word_1_96' title='bbox 818 700 907 728; x_wconf 89' lang='lat' dir='ltr'>cum</span> <span class='ocrx_word' id='word_1_97' title='bbox 929 688 1094 727; x_wconf 81' lang='lat' dir='ltr'>Antonio</span> <span class='ocrx_word' id='word_1_98' title='bbox 1117 700 1232 740; x_wconf 89' lang='lat' dir='ltr'>quam</span> <span class='ocrx_word' id='word_1_99' title='bbox 1254 689 1467 739; x_wconf 63' lang='lat' dir='ltr'>primumn</span> 
     </span>
     <span class='ocr_line' id='line_1_12' title="bbox 121 743 1424 796; baseline -0.002 -12"><span class='ocrx_word' id='word_1_100' title='bbox 121 744 343 796; x_wconf 82' lang='lat' dir='ltr'>confligere.</span> <span class='ocrx_word' id='word_1_101' title='bbox 399 745 532 795; x_wconf 87' lang='lat' dir='ltr'>Itaque</span> <span class='ocrx_word' id='word_1_102' title='bbox 555 745 734 783; x_wconf 87' lang='lat' dir='ltr'>contione</span> <span class='ocrx_word' id='word_1_103' title='bbox 757 745 940 783; x_wconf 78' lang='lat' dir='ltr'>advocata</span> <span class='ocrx_word' id='word_1_104' title='bbox 964 743 1126 782; x_wconf 87' lang='lat' dir='ltr'>huiusce</span> <span class='ocrx_word' id='word_1_105' title='bbox 1147 744 1252 783; x_wconf 88' lang='lat' dir='ltr'>modi</span> <span class='ocrx_word' id='word_1_106' title='bbox 1282 745 1424 783; x_wconf 89' lang='lat' dir='ltr'>oratio-</span> 
     </span>
     <span class='ocr_line' id='line_1_13' title="bbox 120 800 389 840; baseline -0.004 0"><span class='ocrx_word' id='word_1_107' title='bbox 120 813 210 840; x_wconf 85' lang='lat' dir='ltr'>nem</span> <span class='ocrx_word' id='word_1_108' title='bbox 237 800 389 839; x_wconf 90' lang='lat' dir='ltr'>habuit:</span> 
     </span>
    </p>

    <p class='ocr_par' dir='ltr' id='par_1_6' title="bbox 54 854 1537 962">
     <span class='ocr_line' id='line_1_14' title="bbox 54 854 1426 906; baseline -0.001 -11"><span class='ocrx_word' id='word_1_109' title='bbox 54 864 105 904; x_wconf 83' lang='lat'>58</span> <span class='ocrx_word' id='word_1_110' title='bbox 233 856 482 906; x_wconf 86' lang='lat' dir='ltr'>‘Conpertum</span> <span class='ocrx_word' id='word_1_111' title='bbox 512 868 584 906; x_wconf 87' lang='lat' dir='ltr'>ego</span> <span class='ocrx_word' id='word_1_112' title='bbox 615 855 762 898; x_wconf 88' lang='lat' dir='ltr'>habeo,</span> <span class='ocrx_word' id='word_1_113' title='bbox 804 854 960 900; x_wconf 89' lang='lat' dir='ltr'>milites,</span> <span class='ocrx_word' id='word_1_114' title='bbox 992 854 1110 894; x_wconf 76' lang='lat' dir='ltr'>verba</span> <span class='ocrx_word' id='word_1_115' title='bbox 1139 855 1319 894; x_wconf 87' lang='lat' dir='ltr'>virtutem</span> <span class='ocrx_word' id='word_1_116' title='bbox 1348 865 1426 894; x_wconf 89' lang='lat' dir='ltr'>non</span> 
     </span>
     <span class='ocr_line' id='line_1_15' title="bbox 121 910 1537 962; baseline -0.002 -10"><span class='ocrx_word' id='word_1_117' title='bbox 121 912 276 957; x_wconf 83' lang='lat' dir='ltr'>addere,</span> <span class='ocrx_word' id='word_1_118' title='bbox 300 923 427 962; x_wconf 86' lang='lat' dir='ltr'>neque</span> <span class='ocrx_word' id='word_1_119' title='bbox 457 923 503 951; x_wconf 84' lang='lat' dir='ltr'>ex</span> <span class='ocrx_word' id='word_1_120' title='bbox 530 913 667 962; x_wconf 80' lang='lat' dir='ltr'>ignavo</span> <span class='ocrx_word' id='word_1_121' title='bbox 687 917 889 951; x_wconf 85' lang='lat' dir='ltr'>strenuum</span> <span class='ocrx_word' id='word_1_122' title='bbox 912 923 1040 962; x_wconf 88' lang='lat' dir='ltr'>neque</span> <span class='ocrx_word' id='word_1_123' title='bbox 1067 911 1207 950; x_wconf 84' lang='lat' dir='ltr'>sortem</span> <span class='ocrx_word' id='word_1_124' title='bbox 1226 923 1274 950; x_wconf 87' lang='lat' dir='ltr'>ex</span> <span class='ocrx_word' id='word_1_125' title='bbox 1292 910 1426 950; x_wconf 88' lang='lat' dir='ltr'>timido</span> <span class='ocrx_word' id='word_1_126' title='bbox 1534 947 1537 956; x_wconf 37' lang='lat'><strong>⁴</strong></span> 
     </span>
    </p>

    <p class='ocr_par' dir='ltr' id='par_1_7' title="bbox 85 958 1537 1130">
     <span class='ocr_line' id='line_1_16' title="bbox 85 958 1537 1018; baseline -0.004 -11"><span class='ocrx_word' id='word_1_127' title='bbox 85 982 105 1013; x_wconf 84' lang='lat'><strong>2</strong></span> <span class='ocrx_word' id='word_1_128' title='bbox 122 968 336 1007; x_wconf 83' lang='lat' dir='ltr'>exercitum</span> <span class='ocrx_word' id='word_1_129' title='bbox 356 969 529 1006; x_wconf 89' lang='lat' dir='ltr'>oratioue</span> <span class='ocrx_word' id='word_1_130' title='bbox 545 968 776 1017; x_wconf 87' lang='lat' dir='ltr'>inperatoris</span> <span class='ocrx_word' id='word_1_131' title='bbox 791 967 885 1006; x_wconf 88' lang='lat' dir='ltr'>fieri.</span> <span class='ocrx_word' id='word_1_132' title='bbox 916 966 1066 1013; x_wconf 86' lang='lat' dir='ltr'>Quanta</span> <span class='ocrx_word' id='word_1_133' title='bbox 1089 967 1275 1018; x_wconf 88' lang='lat' dir='ltr'>cuiusque</span> <span class='ocrx_word' id='word_1_134' title='bbox 1299 967 1427 1006; x_wconf 89' lang='lat' dir='ltr'>animo</span> <span class='ocrx_word' id='word_1_135' title='bbox 1440 976 1473 1003; x_wconf 65' lang='grc' dir='ltr'>ιε</span> <span class='ocrx_word' id='word_1_136' title='bbox 1534 958 1537 974; x_wconf 75' lang='lat'>²</span> 
     </span>
     <span class='ocr_line' id='line_1_17' title="bbox 123 1021 1424 1073; baseline 0.001 -11"><span class='ocrx_word' id='word_1_137' title='bbox 123 1024 281 1063; x_wconf 86' lang='lat' dir='ltr'>audacia</span> <span class='ocrx_word' id='word_1_138' title='bbox 298 1027 437 1062; x_wconf 88' lang='lat' dir='ltr'>natura</span> <span class='ocrx_word' id='word_1_139' title='bbox 457 1028 522 1062; x_wconf 88' lang='lat' dir='ltr'>aut</span> <span class='ocrx_word' id='word_1_140' title='bbox 538 1022 711 1061; x_wconf 88' lang='lat' dir='ltr'>moribus</span> <span class='ocrx_word' id='word_1_141' title='bbox 733 1023 841 1066; x_wconf 84' lang='lat' dir='ltr'>inest,</span> <span class='ocrx_word' id='word_1_142' title='bbox 862 1026 967 1062; x_wconf 89' lang='lat' dir='ltr'>tanta</span> <span class='ocrx_word' id='word_1_143' title='bbox 982 1023 1021 1061; x_wconf 91' lang='lat' dir='ltr'>in</span> <span class='ocrx_word' id='word_1_144' title='bbox 1040 1021 1142 1061; x_wconf 88' lang='lat' dir='ltr'>hello</span> <span class='ocrx_word' id='word_1_145' title='bbox 1162 1027 1296 1073; x_wconf 89' lang='lat' dir='ltr'>patere</span> <span class='ocrx_word' id='word_1_146' title='bbox 1311 1021 1424 1063; x_wconf 92' lang='lat' dir='ltr'>solet.</span> 
     </span>
     <span class='ocr_line' id='line_1_18' title="bbox 118 1077 1428 1130; baseline -0.002 -12"><span class='ocrx_word' id='word_1_147' title='bbox 118 1080 241 1125; x_wconf 89' lang='lat' dir='ltr'>Ouem</span> <span class='ocrx_word' id='word_1_148' title='bbox 258 1090 385 1129; x_wconf 87' lang='lat' dir='ltr'>neque</span> <span class='ocrx_word' id='word_1_149' title='bbox 403 1079 521 1130; x_wconf 85' lang='lat' dir='ltr'>gloria</span> <span class='ocrx_word' id='word_1_150' title='bbox 540 1090 666 1129; x_wconf 87' lang='lat' dir='ltr'>neque</span> <span class='ocrx_word' id='word_1_151' title='bbox 688 1077 858 1128; x_wconf 86' lang='lat' dir='ltr'>pericula</span> <span class='ocrx_word' id='word_1_152' title='bbox 881 1079 1058 1123; x_wconf 77' lang='lat' dir='ltr'>excitant,</span> <span class='ocrx_word' id='word_1_153' title='bbox 1081 1079 1315 1129; x_wconf 88' lang='lat' dir='ltr'>nequiquam</span> <span class='ocrx_word' id='word_1_154' title='bbox 1335 1077 1428 1116; x_wconf 88' lang='lat' dir='ltr'>hor-</span> 
     </span>
    </p>

    <p class='ocr_par' dir='ltr' id='par_1_8' title="bbox 87 1133 1429 1239">
     <span class='ocr_line' id='line_1_19' title="bbox 87 1133 1429 1186; baseline 0 -14"><span class='ocrx_word' id='word_1_155' title='bbox 87 1140 224 1178; x_wconf 87' lang='lat' dir='ltr'>3tere:</span> <span class='ocrx_word' id='word_1_156' title='bbox 252 1135 368 1173; x_wconf 89' lang='lat' dir='ltr'>timor</span> <span class='ocrx_word' id='word_1_157' title='bbox 399 1135 514 1173; x_wconf 88' lang='lat' dir='ltr'>animi</span> <span class='ocrx_word' id='word_1_158' title='bbox 545 1133 703 1173; x_wconf 88' lang='lat' dir='ltr'>auribus</span> <span class='ocrx_word' id='word_1_159' title='bbox 727 1133 867 1172; x_wconf 88' lang='lat' dir='ltr'>obficit.</span> <span class='ocrx_word' id='word_1_160' title='bbox 913 1134 980 1174; x_wconf 92' lang='lat' dir='ltr'>Set</span> <span class='ocrx_word' id='word_1_161' title='bbox 1006 1145 1078 1184; x_wconf 85' lang='lat' dir='ltr'>ego</span> <span class='ocrx_word' id='word_1_162' title='bbox 1107 1145 1174 1172; x_wconf 83' lang='lat' dir='ltr'>vos</span> <span class='ocrx_word' id='word_1_163' title='bbox 1204 1145 1281 1186; x_wconf 89' lang='lat' dir='ltr'>quo</span> <span class='ocrx_word' id='word_1_164' title='bbox 1304 1144 1429 1184; x_wconf 88' lang='lat' dir='ltr'>pauca</span> 
     </span>
     <span class='ocr_line' id='line_1_20' title="bbox 121 1188 1426 1239; baseline -0.002 -10"><span class='ocrx_word' id='word_1_165' title='bbox 121 1202 324 1229; x_wconf 87' lang='lat' dir='ltr'>monerem</span> <span class='ocrx_word' id='word_1_166' title='bbox 346 1189 538 1234; x_wconf 76' lang='lat' dir='ltr'>advocavi,</span> <span class='ocrx_word' id='word_1_167' title='bbox 562 1189 675 1228; x_wconf 90' lang='lat' dir='ltr'>simul</span> <span class='ocrx_word' id='word_1_168' title='bbox 697 1191 749 1228; x_wconf 91' lang='lat' dir='ltr'>uti</span> <span class='ocrx_word' id='word_1_169' title='bbox 782 1202 937 1229; x_wconf 89' lang='lat' dir='ltr'>causam</span> <span class='ocrx_word' id='word_1_170' title='bbox 967 1190 1043 1228; x_wconf 90' lang='lat' dir='ltr'>mei</span> <span class='ocrx_word' id='word_1_171' title='bbox 1065 1188 1197 1228; x_wconf 86' lang='lat' dir='ltr'>consili</span> <span class='ocrx_word' id='word_1_172' title='bbox 1220 1190 1426 1239; x_wconf 87' lang='lat' dir='ltr'>aperirem.</span> 
     </span>
    </p>

    <p class='ocr_par' dir='ltr' id='par_1_9' title="bbox 86 1243 1475 1409">
     <span class='ocr_line' id='line_1_21' title="bbox 86 1243 1475 1297; baseline -0.002 -13"><span class='ocrx_word' id='word_1_173' title='bbox 86 1261 106 1290; x_wconf 82' lang='lat'>4</span> <span class='ocrx_word' id='word_1_174' title='bbox 234 1246 345 1284; x_wconf 84' lang='lat' dir='ltr'>Scitis</span> <span class='ocrx_word' id='word_1_175' title='bbox 368 1245 559 1297; x_wconf 87' lang='lat' dir='ltr'>equidem,</span> <span class='ocrx_word' id='word_1_176' title='bbox 584 1245 733 1289; x_wconf 82' lang='lat' dir='ltr'>milites,</span> <span class='ocrx_word' id='word_1_177' title='bbox 765 1245 940 1284; x_wconf 88' lang='lat' dir='ltr'>socordia</span> <span class='ocrx_word' id='word_1_178' title='bbox 967 1250 1080 1296; x_wconf 87' lang='lat' dir='ltr'>atque</span> <span class='ocrx_word' id='word_1_179' title='bbox 1107 1245 1255 1295; x_wconf 81' lang='lat' dir='ltr'>ignavia</span> <span class='ocrx_word' id='word_1_180' title='bbox 1277 1243 1475 1284; x_wconf 79' lang='lat' dir='ltr'>Lentuli20</span> 
     </span>
     <span class='ocr_line' id='line_1_22' title="bbox 122 1300 1429 1353; baseline -0.001 -12"><span class='ocrx_word' id='word_1_181' title='bbox 122 1306 304 1353; x_wconf 90' lang='lat' dir='ltr'>quantam</span> <span class='ocrx_word' id='word_1_182' title='bbox 330 1302 401 1352; x_wconf 87' lang='lat' dir='ltr'>ipsi</span> <span class='ocrx_word' id='word_1_183' title='bbox 417 1300 606 1351; x_wconf 89' lang='lat' dir='ltr'>nobisque</span> <span class='ocrx_word' id='word_1_184' title='bbox 624 1300 772 1340; x_wconf 84' lang='lat' dir='ltr'>cladem</span> <span class='ocrx_word' id='word_1_185' title='bbox 793 1300 983 1345; x_wconf 84' lang='lat' dir='ltr'>adtulerit,</span> <span class='ocrx_word' id='word_1_186' title='bbox 1008 1312 1162 1352; x_wconf 88' lang='lat' dir='ltr'>quoque</span> <span class='ocrx_word' id='word_1_187' title='bbox 1178 1300 1314 1346; x_wconf 91' lang='lat' dir='ltr'>modo,</span> <span class='ocrx_word' id='word_1_188' title='bbox 1336 1300 1429 1340; x_wconf 92' lang='lat' dir='ltr'>dum</span> 
     </span>
     <span class='ocr_line' id='line_1_23' title="bbox 124 1355 1413 1409; baseline -0.003 -12"><span class='ocrx_word' id='word_1_189' title='bbox 124 1370 170 1397; x_wconf 82' lang='lat' dir='ltr'>ex</span> <span class='ocrx_word' id='word_1_190' title='bbox 191 1358 287 1397; x_wconf 90' lang='lat' dir='ltr'>urbe</span> <span class='ocrx_word' id='word_1_191' title='bbox 315 1359 509 1409; x_wconf 83' lang='lat' dir='ltr'>praesidia</span> <span class='ocrx_word' id='word_1_192' title='bbox 530 1358 733 1409; x_wconf 87' lang='lat' dir='ltr'>obperior‚</span> <span class='ocrx_word' id='word_1_193' title='bbox 763 1358 804 1395; x_wconf 92' lang='lat' dir='ltr'>in</span> <span class='ocrx_word' id='word_1_194' title='bbox 829 1356 992 1396; x_wconf 86' lang='lat' dir='ltr'>Galliam</span> <span class='ocrx_word' id='word_1_195' title='bbox 1022 1356 1219 1406; x_wconf 86' lang='lat' dir='ltr'>proficisci</span> <span class='ocrx_word' id='word_1_196' title='bbox 1248 1355 1413 1404; x_wconf 87' lang='lat' dir='ltr'>nequive</span> 
     </span>
    </p>

    <p class='ocr_par' dir='ltr' id='par_1_10' title="bbox 82 1411 1432 1466">
     <span class='ocr_line' id='line_1_24' title="bbox 82 1411 1432 1466; baseline -0.002 -14"><span class='ocrx_word' id='word_1_197' title='bbox 82 1428 103 1460; x_wconf 84' lang='lat'>5</span> <span class='ocrx_word' id='word_1_198' title='bbox 123 1416 210 1452; x_wconf 89' lang='lat' dir='ltr'>rim.</span> <span class='ocrx_word' id='word_1_199' title='bbox 271 1414 383 1454; x_wconf 91' lang='lat' dir='ltr'>Nunc</span> <span class='ocrx_word' id='word_1_200' title='bbox 415 1425 506 1454; x_wconf 85' lang='lat' dir='ltr'>vero</span> <span class='ocrx_word' id='word_1_201' title='bbox 536 1426 613 1466; x_wconf 91' lang='lat' dir='ltr'>quo</span> <span class='ocrx_word' id='word_1_202' title='bbox 644 1412 729 1452; x_wconf 85' lang='lat' dir='ltr'>loco</span> <span class='ocrx_word' id='word_1_203' title='bbox 750 1424 814 1452; x_wconf 88' lang='lat' dir='ltr'>res</span> <span class='ocrx_word' id='word_1_204' title='bbox 835 1417 992 1451; x_wconf 85' lang='lat' dir='ltr'>nostrae</span> <span class='ocrx_word' id='word_1_205' title='bbox 1013 1413 1108 1456; x_wconf 89' lang='lat' dir='ltr'>sint,</span> <span class='ocrx_word' id='word_1_206' title='bbox 1138 1411 1246 1450; x_wconf 83' lang='lat' dir='ltr'>iuxta</span> <span class='ocrx_word' id='word_1_207' title='bbox 1276 1421 1432 1450; x_wconf 80' lang='lat' dir='ltr'>mecum</span> 
     </span>
    </p>

    <p class='ocr_par' dir='ltr' id='par_1_11' title="bbox 88 1465 1476 1631">
     <span class='ocr_line' id='line_1_25' title="bbox 88 1465 1429 1521; baseline -0.004 -10"><span class='ocrx_word' id='word_1_208' title='bbox 88 1481 258 1514; x_wconf 87' lang='lat' dir='ltr'>6omnes</span> <span class='ocrx_word' id='word_1_209' title='bbox 287 1471 517 1521; x_wconf 81' lang='lat' dir='ltr'>intellegitis.</span> <span class='ocrx_word' id='word_1_210' title='bbox 573 1470 775 1509; x_wconf 79' lang='lat' dir='ltr'>Exercitus</span> <span class='ocrx_word' id='word_1_211' title='bbox 802 1469 970 1507; x_wconf 88' lang='lat' dir='ltr'>hostium</span> <span class='ocrx_word' id='word_1_212' title='bbox 997 1468 1086 1512; x_wconf 90' lang='lat' dir='ltr'>duo,</span> <span class='ocrx_word' id='word_1_213' title='bbox 1121 1478 1222 1506; x_wconf 89' lang='lat' dir='ltr'>unus</span> <span class='ocrx_word' id='word_1_214' title='bbox 1247 1466 1294 1506; x_wconf 89' lang='lat' dir='ltr'>ab</span> <span class='ocrx_word' id='word_1_215' title='bbox 1317 1465 1429 1510; x_wconf 88' lang='lat' dir='ltr'>urbe,</span> 
     </span>
     <span class='ocr_line' id='line_1_26' title="bbox 124 1523 1476 1567; baseline -0.004 -1"><span class='ocrx_word' id='word_1_216' title='bbox 124 1528 219 1567; x_wconf 89' lang='lat' dir='ltr'>alter</span> <span class='ocrx_word' id='word_1_217' title='bbox 247 1539 266 1566; x_wconf 91' lang='lat' dir='ltr'>a</span> <span class='ocrx_word' id='word_1_218' title='bbox 289 1526 407 1565; x_wconf 88' lang='lat' dir='ltr'>Gallia</span> <span class='ocrx_word' id='word_1_219' title='bbox 432 1526 605 1565; x_wconf 78' lang='lat' dir='ltr'>obstant:</span> <span class='ocrx_word' id='word_1_220' title='bbox 637 1525 778 1563; x_wconf 88' lang='lat' dir='ltr'>diutius</span> <span class='ocrx_word' id='word_1_221' title='bbox 803 1526 842 1563; x_wconf 90' lang='lat' dir='ltr'>in</span> <span class='ocrx_word' id='word_1_222' title='bbox 867 1525 926 1563; x_wconf 90' lang='lat' dir='ltr'>his</span> <span class='ocrx_word' id='word_1_223' title='bbox 950 1523 1044 1562; x_wconf 91' lang='lat' dir='ltr'>locis</span> <span class='ocrx_word' id='word_1_224' title='bbox 1064 1534 1167 1567; x_wconf 88' lang='lat' dir='ltr'>esse,</span> <span class='ocrx_word' id='word_1_225' title='bbox 1195 1523 1227 1562; x_wconf 90' lang='lat' dir='ltr'>si</span> <span class='ocrx_word' id='word_1_226' title='bbox 1250 1533 1430 1562; x_wconf 85' lang='lat' dir='ltr'>maxume</span> <span class='ocrx_word' id='word_1_227' title='bbox 1443 1531 1476 1558; x_wconf 64' lang='lat'>²⁵</span> 
     </span>
     <span class='ocr_line' id='line_1_27' title="bbox 125 1577 1430 1631; baseline -0.004 -10"><span class='ocrx_word' id='word_1_228' title='bbox 125 1584 274 1622; x_wconf 85' lang='lat' dir='ltr'>animus</span> <span class='ocrx_word' id='word_1_229' title='bbox 297 1582 414 1626; x_wconf 85' lang='lat' dir='ltr'>serat,</span> <span class='ocrx_word' id='word_1_230' title='bbox 437 1581 621 1620; x_wconf 78' lang='lat' dir='ltr'>frumenti</span> <span class='ocrx_word' id='word_1_231' title='bbox 644 1586 757 1631; x_wconf 86' lang='lat' dir='ltr'>atque</span> <span class='ocrx_word' id='word_1_232' title='bbox 780 1580 940 1619; x_wconf 89' lang='lat' dir='ltr'>aliarum</span> <span class='ocrx_word' id='word_1_233' title='bbox 961 1591 1095 1618; x_wconf 91' lang='lat' dir='ltr'>rerum</span> <span class='ocrx_word' id='word_1_234' title='bbox 1119 1582 1270 1629; x_wconf 84' lang='lat' dir='ltr'>egestas</span> <span class='ocrx_word' id='word_1_235' title='bbox 1297 1577 1430 1630; x_wconf 84' lang='lat' dir='ltr'>prohi-</span> 
     </span>
    </p>

    <p class='ocr_par' dir='ltr' id='par_1_12' title="bbox 57 1631 1480 1855">
     <span class='ocr_line' id='line_1_28' title="bbox 57 1631 1433 1688; baseline -0.006 -8"><span class='ocrx_word' id='word_1_236' title='bbox 57 1649 76 1679; x_wconf 87' lang='lat'><strong>7</strong></span> <span class='ocrx_word' id='word_1_237' title='bbox 91 1647 112 1680; x_wconf 87' lang='lat'>8</span> <span class='ocrx_word' id='word_1_238' title='bbox 126 1639 209 1678; x_wconf 81' lang='lat' dir='ltr'>bet:</span> <span class='ocrx_word' id='word_1_239' title='bbox 232 1649 478 1688; x_wconf 87' lang='lat' dir='ltr'>quocumque</span> <span class='ocrx_word' id='word_1_240' title='bbox 505 1638 560 1676; x_wconf 86' lang='lat' dir='ltr'>irc</span> <span class='ocrx_word' id='word_1_241' title='bbox 582 1636 719 1687; x_wconf 87' lang='lat' dir='ltr'>placet,</span> <span class='ocrx_word' id='word_1_242' title='bbox 742 1635 846 1674; x_wconf 80' lang='lat' dir='ltr'>ferro</span> <span class='ocrx_word' id='word_1_243' title='bbox 868 1636 940 1675; x_wconf 86' lang='lat' dir='ltr'>iter</span> <span class='ocrx_word' id='word_1_244' title='bbox 962 1634 1218 1685; x_wconf 89' lang='lat' dir='ltr'>aperiundum</span> <span class='ocrx_word' id='word_1_245' title='bbox 1241 1638 1309 1674; x_wconf 86' lang='lat' dir='ltr'>est.</span> <span class='ocrx_word' id='word_1_246' title='bbox 1349 1631 1433 1678; x_wconf 92' lang='lat' dir='ltr'>Qua</span> 
     </span>
     <span class='ocr_line' id='line_1_29' title="bbox 125 1690 1433 1744; baseline -0.004 -12"><span class='ocrx_word' id='word_1_247' title='bbox 125 1698 285 1744; x_wconf 88' lang='lat' dir='ltr'>propter</span> <span class='ocrx_word' id='word_1_248' title='bbox 309 1705 374 1732; x_wconf 87' lang='lat' dir='ltr'>vos</span> <span class='ocrx_word' id='word_1_249' title='bbox 392 1705 548 1737; x_wconf 68' lang='lat' dir='ltr'>monQO,</span> <span class='ocrx_word' id='word_1_250' title='bbox 572 1694 626 1732; x_wconf 85' lang='lat' dir='ltr'>uti</span> <span class='ocrx_word' id='word_1_251' title='bbox 651 1692 738 1729; x_wconf 85' lang='lat' dir='ltr'>forti</span> <span class='ocrx_word' id='word_1_252' title='bbox 758 1696 870 1742; x_wconf 86' lang='lat' dir='ltr'>atque</span> <span class='ocrx_word' id='word_1_253' title='bbox 894 1695 1027 1742; x_wconf 86' lang='lat' dir='ltr'>parato</span> <span class='ocrx_word' id='word_1_254' title='bbox 1050 1691 1177 1729; x_wconf 89' lang='lat' dir='ltr'>animo</span> <span class='ocrx_word' id='word_1_255' title='bbox 1194 1690 1274 1729; x_wconf 86' lang='lat' dir='ltr'>sitis</span> <span class='ocrx_word' id='word_1_256' title='bbox 1290 1693 1433 1728; x_wconf 86' lang='lat' dir='ltr'>etcum</span> 
     </span>
     <span class='ocr_line' id='line_1_30' title="bbox 124 1744 1432 1800; baseline -0.003 -12"><span class='ocrx_word' id='word_1_257' title='bbox 124 1749 315 1800; x_wconf 89' lang='lat' dir='ltr'>proelium</span> <span class='ocrx_word' id='word_1_258' title='bbox 327 1748 467 1788; x_wconf 89' lang='lat' dir='ltr'>inibitis</span> <span class='ocrx_word' id='word_1_259' title='bbox 483 1748 732 1787; x_wconf 84' lang='lat' dir='ltr'>memineritis</span> <span class='ocrx_word' id='word_1_260' title='bbox 750 1759 814 1785; x_wconf 79' lang='lat' dir='ltr'>vos</span> <span class='ocrx_word' id='word_1_261' title='bbox 832 1747 976 1786; x_wconf 76' lang='lat' dir='ltr'>divitias</span> <span class='ocrx_word' id='word_1_262' title='bbox 993 1746 1111 1786; x_wconf 90' lang='lat' dir='ltr'>decus</span> <span class='ocrx_word' id='word_1_263' title='bbox 1127 1744 1301 1796; x_wconf 86' lang='lat' dir='ltr'>gloriam,</span> <span class='ocrx_word' id='word_1_264' title='bbox 1319 1756 1432 1795; x_wconf 81' lang='lat' dir='ltr'>prae-</span> 
     </span>
     <span class='ocr_line' id='line_1_31' title="bbox 125 1802 1480 1855; baseline -0.006 -11"><span class='ocrx_word' id='word_1_265' title='bbox 125 1810 231 1844; x_wconf 83' lang='lat' dir='ltr'>terea</span> <span class='ocrx_word' id='word_1_266' title='bbox 270 1805 487 1844; x_wconf 87' lang='lat' dir='ltr'>libertatem</span> <span class='ocrx_word' id='word_1_267' title='bbox 514 1808 627 1855; x_wconf 89' lang='lat' dir='ltr'>atque</span> <span class='ocrx_word' id='word_1_268' title='bbox 665 1804 827 1853; x_wconf 82' lang='lat' dir='ltr'>patriam</span> <span class='ocrx_word' id='word_1_269' title='bbox 864 1804 901 1841; x_wconf 90' lang='lat' dir='ltr'>in</span> <span class='ocrx_word' id='word_1_270' title='bbox 922 1803 1066 1842; x_wconf 82' lang='lat' dir='ltr'>dextris</span> <span class='ocrx_word' id='word_1_271' title='bbox 1093 1802 1230 1840; x_wconf 83' lang='lat' dir='ltr'>vostris</span> <span class='ocrx_word' id='word_1_272' title='bbox 1260 1804 1431 1852; x_wconf 89' lang='lat' dir='ltr'>portare.</span> <span class='ocrx_word' id='word_1_273' title='bbox 1446 1807 1480 1835; x_wconf 74' lang='lat'>⁸⁰</span> 
     </span>
    </p>

    <p class='ocr_par' dir='ltr' id='par_1_13' title="bbox 93 1855 1433 1967">
     <span class='ocr_line' id='line_1_32' title="bbox 93 1855 1432 1905; baseline -0.002 -6"><span class='ocrx_word' id='word_1_274' title='bbox 93 1860 166 1903; x_wconf 67' lang='lat' dir='ltr'>osi</span> <span class='ocrx_word' id='word_1_275' title='bbox 192 1862 398 1905; x_wconf 85' lang='lat' dir='ltr'>vincimus,</span> <span class='ocrx_word' id='word_1_276' title='bbox 437 1861 562 1898; x_wconf 88' lang='lat' dir='ltr'>omnia</span> <span class='ocrx_word' id='word_1_277' title='bbox 593 1859 704 1897; x_wconf 83' lang='lat' dir='ltr'>nobis</span> <span class='ocrx_word' id='word_1_278' title='bbox 736 1864 813 1897; x_wconf 89' lang='lat' dir='ltr'>tuta</span> <span class='ocrx_word' id='word_1_279' title='bbox 847 1864 978 1902; x_wconf 76' lang='lat' dir='ltr'>erunt,</span> <span class='ocrx_word' id='word_1_280' title='bbox 1011 1861 1235 1897; x_wconf 83' lang='lat' dir='ltr'>conmeatus</span> <span class='ocrx_word' id='word_1_281' title='bbox 1265 1855 1432 1901; x_wconf 84' lang='lat' dir='ltr'>abunde,</span> 
     </span>
     <span class='ocr_line' id='line_1_33' title="bbox 127 1912 1433 1967; baseline -0.003 -12"><span class='ocrx_word' id='word_1_282' title='bbox 127 1917 334 1966; x_wconf 87' lang='lat' dir='ltr'>municipia</span> <span class='ocrx_word' id='word_1_283' title='bbox 364 1921 478 1967; x_wconf 86' lang='lat' dir='ltr'>atque</span> <span class='ocrx_word' id='word_1_284' title='bbox 509 1915 680 1955; x_wconf 82' lang='lat' dir='ltr'>coloniae</span> <span class='ocrx_word' id='word_1_285' title='bbox 718 1914 924 1965; x_wconf 82' lang='lat' dir='ltr'>patebunt:</span> <span class='ocrx_word' id='word_1_286' title='bbox 965 1915 1022 1953; x_wconf 90' lang='lat' dir='ltr'>sin</span> <span class='ocrx_word' id='word_1_287' title='bbox 1053 1917 1157 1952; x_wconf 87' lang='lat' dir='ltr'>metu</span> <span class='ocrx_word' id='word_1_288' title='bbox 1189 1912 1433 1957; x_wconf 78' lang='lat' dir='ltr'>cesserimus,</span> 
     </span>
    </p>

    <p class='ocr_par' dir='ltr' id='par_1_14' title="bbox 73 1968 1434 2021">
     <span class='ocr_line' id='line_1_34' title="bbox 73 1968 1434 2021; baseline -0.003 -10"><span class='ocrx_word' id='word_1_289' title='bbox 73 1985 115 2016; x_wconf 89' lang='lat'>10</span> <span class='ocrx_word' id='word_1_290' title='bbox 129 1972 263 2011; x_wconf 88' lang='lat' dir='ltr'>eadem</span> <span class='ocrx_word' id='word_1_291' title='bbox 289 1972 349 2011; x_wconf 89' lang='lat' dir='ltr'>illa</span> <span class='ocrx_word' id='word_1_292' title='bbox 380 1971 539 2010; x_wconf 79' lang='lat' dir='ltr'>advorsa</span> <span class='ocrx_word' id='word_1_293' title='bbox 563 1972 672 2010; x_wconf 82' lang='lat' dir='ltr'>fient:</span> <span class='ocrx_word' id='word_1_294' title='bbox 706 1982 831 2021; x_wconf 85' lang='lat' dir='ltr'>neque</span> <span class='ocrx_word' id='word_1_295' title='bbox 858 1970 966 2008; x_wconf 76' lang='lat' dir='ltr'>loeus</span> <span class='ocrx_word' id='word_1_296' title='bbox 1009 1982 1134 2020; x_wconf 79' lang='lat' dir='ltr'>neque</span> <span class='ocrx_word' id='word_1_297' title='bbox 1164 1969 1310 2008; x_wconf 89' lang='lat' dir='ltr'>amicus</span> <span class='ocrx_word' id='word_1_298' title='bbox 1331 1968 1434 2019; x_wconf 88' lang='lat' dir='ltr'>quis-</span> 
     </span>
    </p>

    <p class='ocr_par' dir='ltr' id='par_1_15' title="bbox 74 2023 1478 2249">
     <span class='ocr_line' id='line_1_35' title="bbox 74 2023 1432 2078; baseline -0.003 -12"><span class='ocrx_word' id='word_1_299' title='bbox 74 2038 108 2070; x_wconf 88' lang='lat'>11</span> <span class='ocrx_word' id='word_1_300' title='bbox 131 2039 246 2078; x_wconf 88' lang='lat' dir='ltr'>quam</span> <span class='ocrx_word' id='word_1_301' title='bbox 274 2032 389 2077; x_wconf 85' lang='lat' dir='ltr'>teget,</span> <span class='ocrx_word' id='word_1_302' title='bbox 422 2039 536 2078; x_wconf 86' lang='lat' dir='ltr'>quem</span> <span class='ocrx_word' id='word_1_303' title='bbox 568 2039 672 2065; x_wconf 83' lang='lat' dir='ltr'>arma</span> <span class='ocrx_word' id='word_1_304' title='bbox 697 2038 772 2064; x_wconf 85' lang='lat' dir='ltr'>non</span> <span class='ocrx_word' id='word_1_305' title='bbox 798 2027 975 2065; x_wconf 80' lang='lat' dir='ltr'>texerint.</span> <span class='ocrx_word' id='word_1_306' title='bbox 1023 2026 1249 2068; x_wconf 85' lang='lat' dir='ltr'>Praeterea,</span> <span class='ocrx_word' id='word_1_307' title='bbox 1281 2023 1432 2067; x_wconf 86' lang='lat' dir='ltr'>milites,</span> 
     </span>
     <span class='ocr_line' id='line_1_36' title="bbox 127 2081 1478 2132; baseline -0.004 -11"><span class='ocrx_word' id='word_1_308' title='bbox 127 2094 205 2121; x_wconf 86' lang='lat' dir='ltr'>non</span> <span class='ocrx_word' id='word_1_309' title='bbox 230 2083 363 2121; x_wconf 81' lang='lat' dir='ltr'>eadem</span> <span class='ocrx_word' id='word_1_310' title='bbox 387 2082 498 2121; x_wconf 87' lang='lat' dir='ltr'>nobis</span> <span class='ocrx_word' id='word_1_311' title='bbox 530 2088 565 2121; x_wconf 84' lang='lat' dir='ltr'>et</span> <span class='ocrx_word' id='word_1_312' title='bbox 588 2082 658 2121; x_wconf 89' lang='lat' dir='ltr'>illis</span> <span class='ocrx_word' id='word_1_313' title='bbox 680 2082 922 2121; x_wconf 67' lang='lat' dir='ltr'>necessitudo</span> <span class='ocrx_word' id='word_1_314' title='bbox 947 2081 1149 2132; x_wconf 83' lang='lat' dir='ltr'>inpendet:</span> <span class='ocrx_word' id='word_1_315' title='bbox 1179 2091 1250 2119; x_wconf 85' lang='lat' dir='ltr'>nos</span> <span class='ocrx_word' id='word_1_316' title='bbox 1272 2091 1344 2130; x_wconf 89' lang='lat' dir='ltr'>pro</span> <span class='ocrx_word' id='word_1_317' title='bbox 1365 2091 1432 2130; x_wconf 90' lang='lat' dir='ltr'>pa·</span> <span class='ocrx_word' id='word_1_318' title='bbox 1445 2087 1478 2115; x_wconf 72' lang='grc' dir='ltr'>ει</span> 
     </span>
     <span class='ocr_line' id='line_1_37' title="bbox 127 2137 1436 2189; baseline -0.002 -13"><span class='ocrx_word' id='word_1_319' title='bbox 127 2140 198 2178; x_wconf 88' lang='lat' dir='ltr'>tria</span> <span class='ocrx_word' id='word_1_320' title='bbox 222 2151 293 2189; x_wconf 84' lang='lat' dir='ltr'>pro</span> <span class='ocrx_word' id='word_1_321' title='bbox 316 2138 492 2177; x_wconf 79' lang='lat' dir='ltr'>libertate</span> <span class='ocrx_word' id='word_1_322' title='bbox 516 2151 586 2189; x_wconf 84' lang='lat' dir='ltr'>pro</span> <span class='ocrx_word' id='word_1_323' title='bbox 606 2139 676 2177; x_wconf 78' lang='lat' dir='ltr'>vita</span> <span class='ocrx_word' id='word_1_324' title='bbox 701 2144 905 2179; x_wconf 82' lang='lat' dir='ltr'>certamus.</span> <span class='ocrx_word' id='word_1_325' title='bbox 929 2137 1000 2176; x_wconf 85' lang='lat' dir='ltr'>illis</span> <span class='ocrx_word' id='word_1_326' title='bbox 1025 2146 1357 2187; x_wconf 80' lang='lat' dir='ltr'>supervacaneum</span> <span class='ocrx_word' id='word_1_327' title='bbox 1378 2139 1436 2174; x_wconf 90' lang='lat' dir='ltr'>est</span> 
     </span>
     <span class='ocr_line' id='line_1_38' title="bbox 126 2196 863 2249; baseline -0.009 -13"><span class='ocrx_word' id='word_1_328' title='bbox 126 2209 198 2249; x_wconf 89' lang='lat' dir='ltr'>pro</span> <span class='ocrx_word' id='word_1_329' title='bbox 229 2196 399 2248; x_wconf 85' lang='lat' dir='ltr'>potentia</span> <span class='ocrx_word' id='word_1_330' title='bbox 430 2203 644 2243; x_wconf 85' lang='lat' dir='ltr'>paucorum</span> <span class='ocrx_word' id='word_1_331' title='bbox 677 2203 863 2241; x_wconf 80' lang='lat' dir='ltr'>pugnare.</span> 
     </span>
    </p>

    <p class='ocr_par' dir='ltr' id='par_1_16' title="bbox 78 2246 1432 2303">
     <span class='ocr_line' id='line_1_39' title="bbox 78 2246 1432 2303; baseline -0.004 -13"><span class='ocrx_word' id='word_1_332' title='bbox 78 2261 115 2290; x_wconf 70' lang='lat' dir='ltr'>i?</span> <span class='ocrx_word' id='word_1_333' title='bbox 243 2250 326 2296; x_wconf 81' lang='lat' dir='ltr'>Quo</span> <span class='ocrx_word' id='word_1_334' title='bbox 349 2249 532 2287; x_wconf 76' lang='lat' dir='ltr'>audacius</span> <span class='ocrx_word' id='word_1_335' title='bbox 550 2249 1048 2303; x_wconf 57' lang='lat' dir='ltr'>adgrediamini&#39;,memores</span> <span class='ocrx_word' id='word_1_336' title='bbox 1067 2249 1248 2299; x_wconf 78' lang='lat' dir='ltr'>pristinae</span> <span class='ocrx_word' id='word_1_337' title='bbox 1270 2246 1432 2286; x_wconf 76' lang='lat' dir='ltr'>virtutis.</span> 
     </span>
    </p>
   </div>
   <div class='ocr_carea' id='block_1_3' title="bbox 1476 0 1537 947">
    <p class='ocr_par' dir='ltr' id='par_1_17' title="bbox 1476 0 1537 947">
     <span class='ocr_line' id='line_1_40' title="bbox 1476 0 1537 947; baseline 0 0"><span class='ocrx_word' id='word_1_338' title='bbox 1476 0 1537 947; x_wconf 95' lang='lat' dir='ltr'> </span> 
     </span>
    </p>
   </div>
  </div>
 </body>
</html>
