1537 2512
251 105 307 130 m:
341 104 569 131 caraman
604 104 923 131 CONIVRATIONE
958 103 993 130 c.
1037 97 1092 132 37.
1141 99 1196 133 38.
1228 99 1281 133 39.
1336 96 1384 136 19

89 213 162 240 nus
188 202 302 240 domo
330 201 545 251 expulerat,
578 202 611 240 ei
635 201 796 239 Romam
826 201 923 240 sicut
950 202 988 239 in
1020 202 1207 240 sentinam
1235 201 1378 242 conflu-

88 260 235 297 xerant.
261 256 406 295 Deinde
430 256 539 295 multi
558 267 750 295 memores
774 255 951 294 Sullanae
978 256 1177 301 victoriae,
1210 257 1311 308 quod
1334 263 1414 296 ex6

89 312 274 361 gregariis
298 310 480 350 militibus
499 310 591 350 alios
620 315 816 350 senatores
836 310 1031 355 videbant,
1061 310 1154 349 alios
1175 312 1223 349 ita
1249 312 1382 351 divites

89 373 131 405 ut
153 366 260 415 regio
281 367 381 404 victu
404 370 516 416 atque
537 365 640 405 cultu
665 370 825 404 aetatem
848 370 1024 414 agerent,
1057 365 1127 404 sibi
1148 367 1320 417 quisque,
1351 367 1382 405 si

60 433 75 458 5
90 422 126 460 in
152 421 267 459 armis
298 420 408 465 foret,
436 433 482 459 ex
503 421 655 459 victoria
677 419 763 458 talia
786 420 980 470 sperabat.
1018 421 1220 460 Praeterea
1251 423 1382 460 iuven·
1397 429 1417 459 7

88 482 172 520 tus,
204 487 302 526 quae
331 476 368 514 in
398 477 500 525 agris
528 487 710 514 manuum
740 475 919 514 mercede
948 476 1114 525 inopiam
1141 475 1381 521 toleraverat,

88 531 247 580 privatis
277 535 391 581 atque
421 529 583 581 publicis
611 529 875 581 largitionibus
897 531 1016 568 excita
1041 530 1232 569 urbanum
1263 532 1382 570 otium

90 587 239 635 ingrato
271 584 395 624 labori
423 585 667 635 praetulerat.
725 585 801 624 Eos
827 590 938 636 atque
968 584 1061 623 alios
1089 586 1211 624 omnis
1240 585 1416 624 malum8

89 640 286 690 publicum
307 639 448 679 alebat:
472 653 546 691 quo
567 641 692 679 minus
713 640 929 678 mirandum
951 644 1007 678 est
1025 640 1202 679 homines
1223 641 1381 690 egentis,

45 705 76 731 10
90 694 197 734 malis
221 694 394 733 moribus
412 707 588 734 maxuma
611 707 677 746 spe
692 726 700 739 ,
731 696 789 733 rei
808 694 985 744 publicae
1005 696 1109 733 iuxta
1130 707 1175 733 ac
1198 695 1269 733 sihi
1291 706 1381 733 con-

89 749 262 789 suluisse.
320 750 523 789 Praeterea
554 762 717 800 quorum
745 750 899 788 victoria
930 749 1056 788 Sullae
1084 755 1263 799 parentes
1292 751 1418 799 pro-9

89 805 232 855 scripti,
255 804 356 843 bona
376 810 518 855 erepta,
532 806 590 843 ius
608 804 793 843 libertatis
812 805 1043 843 inminutum
1064 809 1156 849 erat,
1178 804 1270 843 haut
1291 815 1382 843 sane

89 859 161 898 alio
187 860 313 899 animo
344 859 433 899 belli
454 865 630 899 eventum
660 859 922 910 expectabant.
964 859 1020 897 Ad
1047 858 1122 897 hoc
1147 860 1379 909 quicumque
1397 863 1438 896 10

89 915 250 954 aliarum
271 920 384 965 atque
401 919 556 954 senatus
578 915 744 964 partium
768 919 887 956 erant,
908 913 1131 952 conturbari
1154 926 1235 952 rem
1256 914 1381 964 publi-

45 983 76 1008 15
91 981 173 1008 cam
198 982 311 1021 quam
331 971 456 1009 minus
479 969 606 1008 valere
621 970 693 1019 ipsi
711 968 913 1007 malebant.
943 969 985 1007 Id
1005 968 1099 1007 adeo
1120 968 1261 1007 malum
1282 969 1378 1008 mul-
1396 977 1435 1008 11

93 1031 149 1063 tos
172 1030 259 1076 post
283 1036 403 1063 annos
425 1026 461 1063 in
484 1025 672 1063 civitatem
693 1028 917 1063 revorterat.
964 1023 1061 1062 Nam
1087 1028 1287 1074 postquam
1310 1024 1380 1063 Gn.
1396 1027 1447 1068 38

89 1080 272 1130 Pompeio
294 1078 368 1131 [et]
387 1080 435 1118 M.
460 1079 595 1118 Crasso
617 1078 836 1118 consulibus
860 1078 1063 1117 tribunicia
1083 1083 1252 1127 potestas
1271 1079 1382 1117 resti-

89 1141 169 1174 tuta
191 1140 269 1179 est,
300 1135 474 1173 homines
498 1134 762 1173 adulescentes
782 1145 970 1172 summam
993 1137 1221 1183 potestatem
1242 1133 1381 1177 nancti,

98 1189 236 1242 quibus
255 1195 356 1229 aetas
377 1190 601 1240 animusque
623 1189 731 1228 ferox
754 1194 847 1233 erat,
870 1200 1033 1238 coepere
1059 1193 1234 1227 senatum
1256 1189 1381 1226 crimi-

44 1262 77 1288 20
89 1245 216 1284 nando
243 1244 395 1295 plebem
421 1246 634 1294 exagitare,
666 1245 751 1284 dein
772 1244 974 1293 largiundo
1000 1249 1112 1293 atque
1138 1242 1382 1293 pollicitando

89 1301 209 1350 magis
224 1300 453 1339 incendere:
475 1301 524 1338 ita
546 1300 617 1350 ipsi
639 1298 729 1338 clari
750 1303 1001 1349 potentesque
1024 1299 1118 1337 fieri.
1155 1297 1295 1337 Contra
1317 1309 1382 1336 eos
1397 1303 1417 1333 2

90 1367 238 1394 summa
261 1367 332 1406 ope
359 1354 552 1393 nitebatur
577 1354 760 1404 pleraque
785 1353 962 1392 nobilitas
983 1357 1137 1392 senatus
1162 1353 1289 1403 specie
1310 1364 1382 1402 pro

90 1422 158 1449 sua
175 1410 447 1460 magnitudine.
477 1410 669 1460 Namque,
695 1410 748 1448 uti
765 1410 896 1458 paucis
916 1420 1048 1447 verum
1070 1407 1274 1450 absolvam,
1297 1411 1417 1456 post3

94 1465 221 1504 Sullae
238 1470 409 1515 tempora
425 1466 655 1515 quicumque
676 1476 758 1503 rem
780 1463 971 1513 publicam
991 1464 1192 1512 agitavere,
1213 1461 1383 1500 honestis

43 1539 75 1564 25
92 1520 322 1563 nominibus,
353 1519 414 1559 alii
433 1521 542 1558 sicuti
564 1518 695 1569 populi
716 1521 797 1557 iura
820 1518 1082 1561 defenderent,
1111 1529 1201 1567 pars
1226 1528 1302 1567 quo
1322 1527 1382 1554 se-

89 1582 201 1615 natus
223 1576 429 1615 auctoritas
449 1587 627 1613 maxuma
648 1574 758 1617 foret,
783 1573 928 1612 bonum
948 1572 1143 1623 publicum
1163 1570 1382 1610 simulantes

89 1643 160 1681 pro
191 1641 258 1670 sua
295 1631 455 1681 quisque
494 1630 662 1680 potentia
694 1628 904 1668 certabant.
939 1628 1070 1677 Neque
1098 1626 1168 1665 illis
1199 1626 1382 1664 modestia

89 1698 215 1738 neque
236 1686 374 1725 modus
397 1685 650 1724 contentionis
672 1688 768 1722 erat:
790 1684 939 1733 utrique
960 1683 1155 1721 victoriam
1176 1680 1382 1720 crudeliter

90 1740 334 1781 exercebant.
373 1740 439 1779 Set
454 1745 655 1791 postquam
677 1739 748 1777 Gn.
769 1738 975 1788 Pompeius
998 1738 1044 1775 ad
1061 1736 1204 1775 bellum
1225 1736 1382 1774 maz-itu·
1398 1733 1448 1772 39

44 1814 76 1841 30
89 1808 195 1836 mum
216 1801 330 1846 atque
349 1795 644 1834 Mithridaticum
662 1795 799 1832 missus
820 1798 886 1837 est,
908 1792 1029 1842 plebis
1050 1802 1141 1842 opes
1160 1791 1380 1833 inminutae,

89 1862 303 1902 paucorum
322 1851 489 1902 potentia
514 1850 642 1889 crevit.
681 1849 724 1887 Ei
743 1849 988 1897 magistratus
1003 1846 1218 1896 provincias
1235 1844 1381 1894 aliaque
1397 1856 1417 1886 ‘2

91 1907 218 1944 omnia
238 1911 391 1945 tenere:
412 1906 483 1955 ipsi
505 1905 647 1944 innoxii
661 1904 843 1942 florentes
859 1903 938 1940 sine
955 1906 1059 1940 metu
1076 1905 1236 1939 aetatem
1255 1910 1382 1949 agere,

86 1967 252 2005 ceteros,
276 1961 339 2011 qui
360 1959 512 2010 plebem
534 1960 572 1996 in
591 1960 818 2008 magistratu
835 1956 1025 2007 placidius
1045 1960 1271 2004 tractarent,
1293 1954 1393 1994 iudi-

89 2019 159 2057 ciis
171 2024 333 2056 terrere.
359 2015 424 2053 Set
440 2014 506 2053 ubi
522 2014 691 2064 primum
708 2012 836 2051 dubiis
850 2011 966 2050 rebus
980 2011 1144 2051 novandi
1161 2023 1250 2062 spes
1268 2009 1395 2050 oblata
1411 2014 1433 2048 3

49 2084 81 2111 35
97 2076 165 2116 est,
198 2076 306 2110 vetus
331 2075 526 2110 certamen
549 2070 694 2108 animos
718 2080 851 2107 eorum
877 2068 1034 2108 adrexit.
1080 2068 1190 2114 Quod
1212 2069 1242 2106 si
1265 2068 1389 2118 primo
1404 2079 1423 2108 -1

96 2125 244 2176 proelio
272 2125 428 2165 Catilina
454 2125 629 2174 superior
661 2129 725 2163 aut
745 2135 864 2174 aequa
886 2135 1002 2162 manu
1021 2124 1274 2167 discessisset,
1300 2134 1388 2172 pro-

97 2181 198 2220 fecto
218 2191 357 2230 magna
388 2179 515 2219 clades
542 2183 653 2229 atque
684 2178 874 2217 calamitas
895 2191 976 2218 rem
1008 2178 1200 2229 pubIIcam
1230 2177 1387 2227 obpres—

97 2237 228 2275 sisset:
252 2247 376 2287 neque
400 2234 493 2278 illis,
517 2235 546 2273 si
567 2235 762 2272 victoriam
787 2233 912 2283 adepti
936 2234 1082 2277 forent,
1109 2233 1247 2271 diutius
1273 2245 1313 2271 ω.
1335 2232 1388 2270 uti

1135 2300 1156 2326 o
1169 2302 1187 2323 ε
