1537 2512
145 77 197 117 94
420 87 475 114 DE
501 88 635 114 nmmo
669 87 932 114 lvcvn'rmxo
967 87 1002 113 c.
1030 81 1088 116 91.
1120 81 1177 116 92.

146 187 219 226 levi
238 186 479 225 munimento
501 186 634 236 positis
655 185 793 224 milites
813 184 943 223 cibum
963 196 1103 235 capere
1123 188 1237 234 atque
1262 185 1317 223 uti
1337 185 1453 225 simul
1511 183 1514 188 ’

148 253 236 280 cum
260 252 401 280 occasu
421 240 512 280 solis
536 240 816 291 egrederentur
838 245 994 290 paratos
1017 251 1100 278 esse
1120 238 1246 278 iubet:
1270 239 1451 279 omnihus

112 308 130 337 :³
146 296 307 335 sarcinis
326 296 485 335 abiectis
505 307 603 347 aqua
627 295 742 334 modo
764 307 883 345 seque
904 300 941 334 et
957 296 1126 334 iumenta
1144 306 1320 334 onerare.
1351 295 1448 335 Dein

145 356 351 402 postquam
371 356 523 402 tempus
542 353 685 395 visum,
706 352 840 389 castris
862 350 1059 400 egreditur
1079 354 1310 401 noctemque
1330 355 1450 390 totam

146 408 284 446 itinere
301 406 402 445 facto
421 407 612 446 consedit:
636 406 738 445 idem
754 417 942 455 proxuma
961 406 1070 445 facit:
1092 406 1180 444 dein
1199 405 1310 444 tertia
1329 405 1450 449 multo
1463 418 1485 443 s

146 467 234 501 ante
253 461 350 501 lucis
372 462 577 501 adventum
599 462 774 512 pervenit
793 462 831 499 in
851 462 980 500 locum
997 459 1245 505 tumulosum,
1264 460 1313 500 ab
1329 460 1453 512 Capsa

147 529 226 556 non
256 517 420 568 amplius
450 517 569 556 duum
599 517 747 556 milium
767 516 987 561 intervallo,
1015 515 1145 567 ibique
1175 527 1290 566 quam
1321 515 1453 555 occul·
1514 517 1530 524 ’“

110 573 305 613 4tissume
333 577 462 623 potest
488 585 577 611 cum
607 572 786 611 omnibus
808 573 927 622 copiis
950 573 1134 622 operitur.
1188 571 1255 609 Set
1280 570 1349 609 ubi
1372 571 1453 609 dies

147 629 274 680 coepit
311 632 349 667 et
379 627 568 667 Numidae
603 627 694 666 nihil
739 627 877 666 hostile
913 631 1129 666 metuentes
1163 625 1272 665 multi
1310 625 1452 676 oppido

147 684 312 733 egressi,
334 688 495 733 repente
517 695 671 722 omnem
693 684 903 734 equitatum
932 687 969 721 et
988 694 1074 721 cum
1106 683 1159 720 eis
1178 680 1454 721 velocissumos
1467 693 1502 720 io

146 739 296 789 pedites
324 750 441 777 cursu
471 738 630 778 tendere
661 739 709 777 ad
729 738 890 788 Capsam
916 743 953 776 et
976 743 1107 788 portas
1127 736 1306 776 obsidere
1325 736 1452 776 iubet:

148 794 286 833 deinde
313 795 394 844 ipse
425 795 594 833 intentus
621 805 790 844 propere
817 795 926 845 sequi
955 805 1082 844 neque
1106 792 1245 831 milites
1273 791 1455 842 praedari

113 856 133 887 5
149 850 289 888 sinere.
341 849 448 895 Quae
469 854 674 900 postquam
704 849 884 900 oppidani
909 860 1146 899 cognovere,
1173 859 1238 887 res
1267 847 1452 898 trepidae,

147 910 273 943 metus
297 905 454 953 ingens,
478 905 622 944 malum
644 905 893 955 inprovisum,
912 904 958 943 ad
979 904 1054 942 hoc
1074 915 1164 954 pars
1185 903 1324 942 civium
1345 907 1453 942 extra

1525 617 1537 763 i

1534 791 1537 811 1

146 960 299 998 moenia
317 960 356 998 in
372 959 541 998 hostium
558 964 746 1010 potestate
763 970 927 1008 coegere
947 960 1002 997 uti
1018 959 1250 997 deditionem
1267 958 1500 997 facerent.15
1533 965 1537 1016 ξ

111 1020 132 1053 6
149 1014 331 1053 Ceterum
365 1015 550 1065 oppidum
579 1016 801 1058 incensum,
833 1014 1022 1053 Numidae
1050 1013 1219 1064 puberes
1250 1013 1454 1056 interfecti,

114 1077 131 1106 7
148 1069 211 1108 alii
233 1081 368 1109 omnes
389 1082 554 1109 vaenum
571 1071 667 1109 dati:
688 1069 831 1120 praeda
853 1069 1038 1108 militibus
1063 1069 1192 1108 divisa.
1242 1069 1285 1108 Id
1306 1069 1456 1108 facinus

149 1130 285 1164 contra
305 1126 365 1165 ius
385 1125 476 1164 belli
500 1137 578 1164 non
598 1126 753 1165 avaritia
781 1137 907 1177 neque
936 1124 1083 1164 scelere
1114 1123 1283 1163 consulis
1313 1124 1455 1163 admis-

145 1191 243 1225 sum,
276 1185 335 1218 set
356 1181 445 1230 quia
467 1179 576 1218 locus
596 1179 807 1229 Iugurthae
825 1183 1078 1229 opportunus,
1102 1179 1217 1218 nobis
1233 1179 1340 1219 aditu
1360 1179 1459 1220 diffi-

146 1234 241 1280 cilis,
266 1246 389 1285 genus
410 1235 614 1273 hominum
635 1234 779 1273 mobile
799 1234 982 1278 infidum,
1013 1233 1141 1287 [ante]
1164 1246 1291 1285 neque
1313 1235 1459 1276 benefi-
1473 1252 1507 1280 20

146 1291 206 1328 cio
235 1302 367 1340 neque
399 1295 504 1328 metu
535 1292 760 1328 coercitum.

76 1346 129 1385 92
257 1345 468 1396 Postquam
491 1349 635 1382 tantam
656 1355 738 1382 rem
760 1343 902 1381 Marius
922 1342 1003 1380 sine
1024 1339 1102 1379 ullo
1123 1351 1284 1379 suorum
1305 1339 1451 1377 incom-

144 1401 260 1440 modo
300 1401 416 1448 fecit,
452 1410 616 1449 magnus
647 1404 685 1437 et
715 1398 842 1437 clarus
873 1402 995 1439 autea,
1026 1396 1147 1434 maior
1178 1401 1291 1446 atque
1312 1392 1453 1432 clarior

111 1456 281 1496 2haberi
305 1457 442 1506 coepit.
484 1454 619 1494 Omnia
646 1465 723 1492 non
745 1453 845 1492 bene
868 1451 1041 1491 consulta
1062 1452 1099 1489 in
1123 1452 1302 1489 virtutem
1323 1448 1453 1488 trahe-

145 1512 308 1552 bantur:
338 1511 495 1553 milites,
518 1510 693 1548 modesto
709 1509 875 1559 imperio
890 1507 1009 1546 habiti
1030 1505 1143 1545 simul
1171 1510 1209 1545 et
1227 1504 1451 1556 locupletes,
1465 1516 1498 1542 25

146 1568 192 1605 ad
224 1566 372 1605 caelum
402 1567 526 1609 ferre,
559 1565 745 1604 Numidae
776 1565 898 1613 magis
929 1575 1044 1613 quam
1069 1561 1273 1600 mortalem
1302 1561 1452 1604 timere,

146 1627 344 1673 postremo
366 1633 512 1666 omnes,
537 1622 630 1659 socii
650 1626 764 1672 atque
786 1620 930 1662 hostes,
953 1618 1114 1657 credere
1134 1617 1187 1655 illi
1204 1620 1269 1655 aut
1284 1619 1454 1656 mentem

148 1678 314 1716 divinam
344 1689 428 1716 esse
457 1681 523 1716 aut
552 1676 713 1715 deorum
745 1681 839 1713 nutu
872 1679 1010 1712 cuncta
1034 1672 1224 1723 portendi.

113 1742 133 1773 3
262 1732 329 1772 Set
350 1731 504 1777 consul,
527 1731 594 1770 ubi
615 1744 659 1770 ea
678 1743 740 1770 res
757 1730 858 1769 bene
880 1730 1022 1774 evenit,
1049 1728 1094 1767 ad
1117 1727 1186 1766 alia
1209 1726 1348 1778 oppida
1364 1737 1453 1776 per-

148 1789 212 1837 git,
232 1800 354 1838 pauca
375 1787 682 1838 repugnantibus
700 1785 876 1826 Numidis
897 1785 1008 1834 capit,
1027 1783 1150 1834 plura,
1164 1786 1321 1822 deserta
1334 1792 1498 1832 prop-:zo

147 1850 207 1883 ter
229 1842 479 1894 Capsensium
502 1844 687 1887 miserias,
712 1843 790 1891 igni
812 1840 1048 1890 conrumpit:
1072 1839 1177 1877 luctu
1200 1844 1314 1889 atque
1336 1836 1454 1876 caede

112 1906 132 1934 4
151 1900 278 1938 omnia
309 1898 551 1949 conplentur.
597 1898 770 1948 Denique
794 1894 922 1934 multis
945 1894 1039 1933 locis
1061 1895 1216 1945 potitus,
1248 1904 1293 1931 ac
1318 1891 1455 1943 pleris-

150 1966 224 2005 que
246 1955 418 1993 exercitu
441 1955 657 1998 incruento,
689 1953 800 1991 aliam
833 1963 915 1990 rem
945 1950 1179 2000 adgreditur,
1211 1960 1288 1987 non
1319 1946 1454 1987 eadem

151 2011 355 2060 asperitate
386 2020 460 2060 qua
489 2009 758 2059 Capsensium.
787 2012 959 2046 ceterum
987 2006 1080 2044 haut
1108 2016 1220 2044 secus
1248 2001 1453 2042 difficilem.

113 2067 134 2099 5
264 2065 438 2115 Namque
457 2064 550 2104 haut
570 2064 685 2114 longe
707 2076 728 2102 a
751 2063 908 2102 flumine
939 2061 1161 2107 Muluccha,
1191 2058 1293 2110 quod
1318 2058 1501 2107 lugur-ss

151 2120 240 2159 tinae
260 2120 481 2171 Bocchique
497 2131 661 2170 regnum
679 2118 935 2168 disiungebat.
961 2122 1043 2156 erat
1064 2117 1164 2155 inter
1185 2120 1352 2153 ceteram
1374 2112 1456 2163 pla-

152 2176 284 2214 nitiem
305 2188 416 2214 mons
442 2188 592 2219 saxeus,
625 2175 809 2214 mediocri
839 2173 994 2212 castello
1024 2173 1114 2211 satis
1143 2175 1298 2221 patens,
1328 2169 1367 2208 in
1397 2168 1456 2206 in-

153 2243 329 2270 mensum
360 2231 502 2273 editus.
535 2243 612 2269 uno
635 2235 869 2281 perangusto
899 2229 1001 2268 aditu
1024 2226 1176 2266 relicto:
1209 2237 1297 2263 uam
1329 2223 1457 2263 omnis
