<?xml version="1.0" encoding="UTF-8"?>
<!DOCTYPE html PUBLIC "-//W3C//DTD XHTML 1.0 Transitional//EN"
    "http://www.w3.org/TR/xhtml1/DTD/xhtml1-transitional.dtd">
<html xmlns="http://www.w3.org/1999/xhtml" xml:lang="en" lang="en">
 <head>
  <title>
</title>
<meta http-equiv="Content-Type" content="text/html;charset=utf-8" />
  <meta name='ocr-system' content='tesseract 3.04.00' />
  <meta name='ocr-capabilities' content='ocr_page ocr_carea ocr_par ocr_line ocrx_word'/>
</head>
<body>
  <div class='ocr_page' id='page_1' title='image "./libridecatilinae00salluoft_0047.png"; bbox 0 0 1537 2512; ppageno 0'>
   <div class='ocr_carea' id='block_1_1' title="bbox 218 89 1353 131">
    <p class='ocr_par' dir='ltr' id='par_1_1' title="bbox 218 89 1353 131">
     <span class='ocr_line' id='line_1_1' title="bbox 218 89 1353 131; baseline -0.001 -3"><span class='ocrx_word' id='word_1_1' title='bbox 218 102 274 128; x_wconf 75' lang='lat' dir='ltr'>nn</span> <span class='ocrx_word' id='word_1_2' title='bbox 305 101 532 128; x_wconf 68' lang='lat' dir='ltr'>cA&#39;rnnuAn</span> <span class='ocrx_word' id='word_1_3' title='bbox 565 101 883 129; x_wconf 74' lang='lat' dir='ltr'>CONIVRATIONE</span> <span class='ocrx_word' id='word_1_4' title='bbox 916 102 951 128; x_wconf 88' lang='lat' dir='ltr'>c.</span> <span class='ocrx_word' id='word_1_5' title='bbox 983 96 1038 131; x_wconf 80' lang='lat'>49.</span> <span class='ocrx_word' id='word_1_6' title='bbox 1069 97 1126 130; x_wconf 83' lang='lat'>50.</span> <span class='ocrx_word' id='word_1_7' title='bbox 1157 98 1214 130; x_wconf 84' lang='lat'>51.</span> <span class='ocrx_word' id='word_1_8' title='bbox 1302 89 1353 128; x_wconf 87' lang='lat'>25</span> 
     </span>
    </p>
   </div>
   <div class='ocr_carea' id='block_1_2' title="bbox 14 198 1422 2283">
    <p class='ocr_par' dir='ltr' id='par_1_2' title="bbox 14 198 1422 2283">
     <span class='ocr_line' id='line_1_2' title="bbox 64 198 1355 250; baseline -0.002 -11"><span class='ocrx_word' id='word_1_9' title='bbox 64 198 323 243; x_wconf 79' lang='lat' dir='ltr'>ementiundo,</span> <span class='ocrx_word' id='word_1_10' title='bbox 346 210 444 250; x_wconf 88' lang='lat' dir='ltr'>quae</span> <span class='ocrx_word' id='word_1_11' title='bbox 474 210 514 237; x_wconf 89' lang='lat' dir='ltr'>se</span> <span class='ocrx_word' id='word_1_12' title='bbox 545 211 591 238; x_wconf 89' lang='lat' dir='ltr'>cx</span> <span class='ocrx_word' id='word_1_13' title='bbox 612 198 807 238; x_wconf 78' lang='lat' dir='ltr'>Volturcio</span> <span class='ocrx_word' id='word_1_14' title='bbox 826 202 892 237; x_wconf 83' lang='lat' dir='ltr'>aut</span> <span class='ocrx_word' id='word_1_15' title='bbox 913 198 1186 248; x_wconf 84' lang='lat' dir='ltr'>Allobrogibus</span> <span class='ocrx_word' id='word_1_16' title='bbox 1205 198 1355 238; x_wconf 81' lang='lat' dir='ltr'>audisse</span> 
     </span>
     <span class='ocr_line' id='line_1_3' title="bbox 64 252 1355 304; baseline 0 -11"><span class='ocrx_word' id='word_1_17' title='bbox 64 253 248 298; x_wconf 89' lang='lat' dir='ltr'>dicerent,</span> <span class='ocrx_word' id='word_1_18' title='bbox 272 264 452 303; x_wconf 87' lang='lat' dir='ltr'>magnam</span> <span class='ocrx_word' id='word_1_19' title='bbox 474 252 527 292; x_wconf 89' lang='lat' dir='ltr'>illi</span> <span class='ocrx_word' id='word_1_20' title='bbox 548 254 726 293; x_wconf 77' lang='lat' dir='ltr'>invidiam</span> <span class='ocrx_word' id='word_1_21' title='bbox 747 254 1018 297; x_wconf 80' lang='lat' dir='ltr'>conflaverant,</span> <span class='ocrx_word' id='word_1_22' title='bbox 1055 265 1180 304; x_wconf 90' lang='lat' dir='ltr'>usque</span> <span class='ocrx_word' id='word_1_23' title='bbox 1211 265 1275 297; x_wconf 79' lang='lat' dir='ltr'>ee,</span> <span class='ocrx_word' id='word_1_24' title='bbox 1313 262 1355 293; x_wconf 85' lang='lat' dir='ltr'>ut</span> 
     </span>
     <span class='ocr_line' id='line_1_4' title="bbox 63 307 1355 360; baseline 0 -13"><span class='ocrx_word' id='word_1_25' title='bbox 63 307 236 347; x_wconf 88' lang='lat' dir='ltr'>nonnulli</span> <span class='ocrx_word' id='word_1_26' title='bbox 252 310 399 360; x_wconf 80' lang='lat' dir='ltr'>equites</span> <span class='ocrx_word' id='word_1_27' title='bbox 414 307 588 353; x_wconf 89' lang='lat' dir='ltr'>Romani,</span> <span class='ocrx_word' id='word_1_28' title='bbox 609 310 673 359; x_wconf 90' lang='lat' dir='ltr'>qui</span> <span class='ocrx_word' id='word_1_29' title='bbox 697 309 862 359; x_wconf 84' lang='lat' dir='ltr'>praesidi</span> <span class='ocrx_word' id='word_1_30' title='bbox 883 320 1016 347; x_wconf 81' lang='lat' dir='ltr'>caussa</span> <span class='ocrx_word' id='word_1_31' title='bbox 1034 321 1119 347; x_wconf 90' lang='lat' dir='ltr'>cum</span> <span class='ocrx_word' id='word_1_32' title='bbox 1137 308 1221 347; x_wconf 89' lang='lat' dir='ltr'>telis</span> <span class='ocrx_word' id='word_1_33' title='bbox 1246 314 1355 347; x_wconf 81' lang='lat' dir='ltr'>erant</span> 
     </span>
     <span class='ocr_line' id='line_1_5' title="bbox 64 362 1356 413; baseline 0.001 -11"><span class='ocrx_word' id='word_1_34' title='bbox 64 365 210 402; x_wconf 90' lang='lat' dir='ltr'>circum</span> <span class='ocrx_word' id='word_1_35' title='bbox 224 364 359 403; x_wconf 88' lang='lat' dir='ltr'>aedem</span> <span class='ocrx_word' id='word_1_36' title='bbox 368 362 614 407; x_wconf 83' lang='lat' dir='ltr'>Concordiae,</span> <span class='ocrx_word' id='word_1_37' title='bbox 624 375 693 402; x_wconf 87' lang='lat' dir='ltr'>seu</span> <span class='ocrx_word' id='word_1_38' title='bbox 709 363 868 413; x_wconf 89' lang='lat' dir='ltr'>periculi</span> <span class='ocrx_word' id='word_1_39' title='bbox 883 364 1144 413; x_wconf 86' lang='lat' dir='ltr'>magnitudine</span> <span class='ocrx_word' id='word_1_40' title='bbox 1160 375 1225 402; x_wconf 90' lang='lat' dir='ltr'>seu</span> <span class='ocrx_word' id='word_1_41' title='bbox 1239 365 1356 403; x_wconf 90' lang='lat' dir='ltr'>animi</span> 
     </span>
     <span class='ocr_line' id='line_1_6' title="bbox 37 417 1353 469; baseline 0.001 -13"><span class='ocrx_word' id='word_1_42' title='bbox 37 417 271 458; x_wconf 78' lang='lat' dir='ltr'>mobilitate</span> <span class='ocrx_word' id='word_1_43' title='bbox 292 417 450 469; x_wconf 86' lang='lat' dir='ltr'>inpulsi,</span> <span class='ocrx_word' id='word_1_44' title='bbox 483 430 558 469; x_wconf 92' lang='lat' dir='ltr'>quo</span> <span class='ocrx_word' id='word_1_45' title='bbox 575 419 742 457; x_wconf 89' lang='lat' dir='ltr'>studium</span> <span class='ocrx_word' id='word_1_46' title='bbox 765 430 877 458; x_wconf 91' lang='lat' dir='ltr'>suum</span> <span class='ocrx_word' id='word_1_47' title='bbox 898 420 934 457; x_wconf 91' lang='lat' dir='ltr'>in</span> <span class='ocrx_word' id='word_1_48' title='bbox 962 431 1044 457; x_wconf 84' lang='lat' dir='ltr'>rem</span> <span class='ocrx_word' id='word_1_49' title='bbox 1069 418 1262 468; x_wconf 80' lang='lat' dir='ltr'>publicam</span> <span class='ocrx_word' id='word_1_50' title='bbox 1279 419 1353 457; x_wconf 89' lang='lat' dir='ltr'>cla·</span> 
     </span>
     <span class='ocr_line' id='line_1_7' title="bbox 63 473 1353 523; baseline 0 -12"><span class='ocrx_word' id='word_1_51' title='bbox 63 474 144 512; x_wconf 91' lang='lat' dir='ltr'>rius</span> <span class='ocrx_word' id='word_1_52' title='bbox 157 478 267 518; x_wconf 90' lang='lat' dir='ltr'>esset,</span> <span class='ocrx_word' id='word_1_53' title='bbox 298 474 508 523; x_wconf 86' lang='lat' dir='ltr'>egredienti</span> <span class='ocrx_word' id='word_1_54' title='bbox 521 485 566 512; x_wconf 83' lang='lat' dir='ltr'>ex</span> <span class='ocrx_word' id='word_1_55' title='bbox 589 479 723 512; x_wconf 89' lang='lat' dir='ltr'>senatu</span> <span class='ocrx_word' id='word_1_56' title='bbox 746 473 898 512; x_wconf 82' lang='lat' dir='ltr'>Caesari</span> <span class='ocrx_word' id='word_1_57' title='bbox 920 473 1044 523; x_wconf 86' lang='lat' dir='ltr'>gladio</span> <span class='ocrx_word' id='word_1_58' title='bbox 1075 474 1353 512; x_wconf 81' lang='lat' dir='ltr'>minitarentur.</span> 
     </span>
     <span class='ocr_line' id='line_1_8' title="bbox 174 527 1422 577; baseline 0 -10"><span class='ocrx_word' id='word_1_59' title='bbox 174 528 273 567; x_wconf 90' lang='lat' dir='ltr'>Dum</span> <span class='ocrx_word' id='word_1_60' title='bbox 292 529 387 568; x_wconf 87' lang='lat' dir='ltr'>haec</span> <span class='ocrx_word' id='word_1_61' title='bbox 407 530 446 567; x_wconf 92' lang='lat' dir='ltr'>in</span> <span class='ocrx_word' id='word_1_62' title='bbox 475 534 609 567; x_wconf 80' lang='lat' dir='ltr'>senam</span> <span class='ocrx_word' id='word_1_63' title='bbox 635 534 802 577; x_wconf 83' lang='lat' dir='ltr'>aguntur</span> <span class='ocrx_word' id='word_1_64' title='bbox 832 534 870 567; x_wconf 89' lang='lat' dir='ltr'>et</span> <span class='ocrx_word' id='word_1_65' title='bbox 894 529 985 567; x_wconf 92' lang='lat' dir='ltr'>dum</span> <span class='ocrx_word' id='word_1_66' title='bbox 1014 528 1147 577; x_wconf 84' lang='lat' dir='ltr'>legatis</span> <span class='ocrx_word' id='word_1_67' title='bbox 1176 527 1352 567; x_wconf 85' lang='lat' dir='ltr'>Allobro·</span> <span class='ocrx_word' id='word_1_68' title='bbox 1368 530 1422 568; x_wconf 82' lang='lat'>50</span> 
     </span>
     <span class='ocr_line' id='line_1_9' title="bbox 67 582 1356 633; baseline 0 -11"><span class='ocrx_word' id='word_1_69' title='bbox 67 594 158 632; x_wconf 89' lang='lat' dir='ltr'>gum</span> <span class='ocrx_word' id='word_1_70' title='bbox 180 589 218 622; x_wconf 91' lang='lat' dir='ltr'>et</span> <span class='ocrx_word' id='word_1_71' title='bbox 236 583 321 622; x_wconf 91' lang='lat' dir='ltr'>Tito</span> <span class='ocrx_word' id='word_1_72' title='bbox 341 582 557 628; x_wconf 87' lang='lat' dir='ltr'>Volturcio,</span> <span class='ocrx_word' id='word_1_73' title='bbox 582 583 819 633; x_wconf 85' lang='lat' dir='ltr'>conprobato</span> <span class='ocrx_word' id='word_1_74' title='bbox 844 595 979 622; x_wconf 90' lang='lat' dir='ltr'>eorum</span> <span class='ocrx_word' id='word_1_75' title='bbox 1003 584 1163 627; x_wconf 90' lang='lat' dir='ltr'>indicio,</span> <span class='ocrx_word' id='word_1_76' title='bbox 1186 585 1356 633; x_wconf 89' lang='lat' dir='ltr'>praemia</span> 
     </span>
     <span class='ocr_line' id='line_1_10' title="bbox 65 637 1356 688; baseline 0 -11"><span class='ocrx_word' id='word_1_77' title='bbox 65 638 493 683; x_wconf 80' lang='lat' dir='ltr'>decernuntur‚-liberti</span> <span class='ocrx_word' id='word_1_78' title='bbox 520 644 557 677; x_wconf 88' lang='lat' dir='ltr'>et</span> <span class='ocrx_word' id='word_1_79' title='bbox 583 640 695 688; x_wconf 90' lang='lat' dir='ltr'>pauci</span> <span class='ocrx_word' id='word_1_80' title='bbox 724 650 770 677; x_wconf 87' lang='lat' dir='ltr'>ex</span> <span class='ocrx_word' id='word_1_81' title='bbox 800 638 1001 677; x_wconf 85' lang='lat' dir='ltr'>clientibus</span> <span class='ocrx_word' id='word_1_82' title='bbox 1021 637 1173 677; x_wconf 87' lang='lat' dir='ltr'>Lentuli</span> <span class='ocrx_word' id='word_1_83' title='bbox 1195 638 1356 677; x_wconf 84' lang='lat' dir='ltr'>divorsis</span> 
     </span>
     <span class='ocr_line' id='line_1_11' title="bbox 19 693 1354 744; baseline 0.002 -16"><span class='ocrx_word' id='word_1_84' title='bbox 19 693 264 732; x_wconf 78' lang='lat' dir='ltr'>mitineribus</span> <span class='ocrx_word' id='word_1_85' title='bbox 280 694 435 744; x_wconf 88' lang='lat' dir='ltr'>opifices</span> <span class='ocrx_word' id='word_1_86' title='bbox 457 698 570 744; x_wconf 88' lang='lat' dir='ltr'>atque</span> <span class='ocrx_word' id='word_1_87' title='bbox 593 694 742 732; x_wconf 82' lang='lat' dir='ltr'>servitia</span> <span class='ocrx_word' id='word_1_88' title='bbox 768 694 806 731; x_wconf 93' lang='lat' dir='ltr'>in</span> <span class='ocrx_word' id='word_1_89' title='bbox 826 694 918 732; x_wconf 80' lang='lat' dir='ltr'>vicis</span> <span class='ocrx_word' id='word_1_90' title='bbox 938 694 983 732; x_wconf 92' lang='lat' dir='ltr'>ad</span> <span class='ocrx_word' id='word_1_91' title='bbox 1002 705 1090 732; x_wconf 90' lang='lat' dir='ltr'>eum</span> <span class='ocrx_word' id='word_1_92' title='bbox 1111 693 1354 743; x_wconf 89' lang='lat' dir='ltr'>eripiundum</span> 
     </span>
     <span class='ocr_line' id='line_1_12' title="bbox 63 747 1354 799; baseline 0 -13"><span class='ocrx_word' id='word_1_93' title='bbox 63 747 333 792; x_wconf 84' lang='lat' dir='ltr'>sollicitabant,</span> <span class='ocrx_word' id='word_1_94' title='bbox 362 750 502 798; x_wconf 89' lang='lat' dir='ltr'>partim</span> <span class='ocrx_word' id='word_1_95' title='bbox 528 748 781 799; x_wconf 79' lang='lat' dir='ltr'>exquirebant</span> <span class='ocrx_word' id='word_1_96' title='bbox 811 748 928 787; x_wconf 90' lang='lat' dir='ltr'>duces</span> <span class='ocrx_word' id='word_1_97' title='bbox 955 748 1259 792; x_wconf 87' lang='lat' dir='ltr'>multitudinum,</span> <span class='ocrx_word' id='word_1_98' title='bbox 1289 750 1354 798; x_wconf 91' lang='lat' dir='ltr'>qui</span> 
     </span>
     <span class='ocr_line' id='line_1_13' title="bbox 60 802 1386 854; baseline -0.001 -12"><span class='ocrx_word' id='word_1_99' title='bbox 60 804 192 854; x_wconf 87' lang='lat' dir='ltr'>precio</span> <span class='ocrx_word' id='word_1_100' title='bbox 222 815 304 842; x_wconf 88' lang='lat' dir='ltr'>rem</span> <span class='ocrx_word' id='word_1_101' title='bbox 335 802 528 853; x_wconf 87' lang='lat' dir='ltr'>publicam</span> <span class='ocrx_word' id='word_1_102' title='bbox 555 815 695 842; x_wconf 77' lang='lat' dir='ltr'>vexare</span> <span class='ocrx_word' id='word_1_103' title='bbox 723 803 822 842; x_wconf 87' lang='lat' dir='ltr'>soliti</span> <span class='ocrx_word' id='word_1_104' title='bbox 849 808 976 848; x_wconf 87' lang='lat' dir='ltr'>erant,</span> <span class='ocrx_word' id='word_1_105' title='bbox 1005 803 1195 852; x_wconf 86' lang='lat' dir='ltr'>Cethegus</span> <span class='ocrx_word' id='word_1_106' title='bbox 1225 807 1386 842; x_wconf 81' lang='lat' dir='ltr'>autem2</span> 
     </span>
     <span class='ocr_line' id='line_1_14' title="bbox 61 857 1352 909; baseline 0 -12"><span class='ocrx_word' id='word_1_107' title='bbox 61 869 132 908; x_wconf 90' lang='lat' dir='ltr'>per</span> <span class='ocrx_word' id='word_1_108' title='bbox 152 859 304 897; x_wconf 91' lang='lat' dir='ltr'>nuntios</span> <span class='ocrx_word' id='word_1_109' title='bbox 326 857 505 896; x_wconf 80' lang='lat' dir='ltr'>familiam</span> <span class='ocrx_word' id='word_1_110' title='bbox 525 863 639 909; x_wconf 91' lang='lat' dir='ltr'>atque</span> <span class='ocrx_word' id='word_1_111' title='bbox 668 858 826 897; x_wconf 89' lang='lat' dir='ltr'>libertos</span> <span class='ocrx_word' id='word_1_112' title='bbox 849 870 958 902; x_wconf 90' lang='lat' dir='ltr'>suos,</span> <span class='ocrx_word' id='word_1_113' title='bbox 988 859 1108 897; x_wconf 86' lang='lat' dir='ltr'>lectos</span> <span class='ocrx_word' id='word_1_114' title='bbox 1138 862 1176 896; x_wconf 89' lang='lat' dir='ltr'>et</span> <span class='ocrx_word' id='word_1_115' title='bbox 1205 859 1352 897; x_wconf 84' lang='lat' dir='ltr'>exerci-</span> 
     </span>
     <span class='ocr_line' id='line_1_15' title="bbox 61 912 1353 965; baseline 0 -13"><span class='ocrx_word' id='word_1_116' title='bbox 61 918 160 952; x_wconf 89' lang='lat' dir='ltr'>tatos</span> <span class='ocrx_word' id='word_1_117' title='bbox 191 912 247 965; x_wconf 88' lang='lat' dir='ltr'>[in</span> <span class='ocrx_word' id='word_1_118' title='bbox 277 912 514 964; x_wconf 87' lang='lat' dir='ltr'>audaciam],</span> <span class='ocrx_word' id='word_1_119' title='bbox 556 913 690 952; x_wconf 88' lang='lat' dir='ltr'>orabat</span> <span class='ocrx_word' id='word_1_120' title='bbox 719 918 761 951; x_wconf 93' lang='lat' dir='ltr'>ut</span> <span class='ocrx_word' id='word_1_121' title='bbox 789 924 906 963; x_wconf 85' lang='lat' dir='ltr'>grege</span> <span class='ocrx_word' id='word_1_122' title='bbox 936 913 1036 952; x_wconf 88' lang='lat' dir='ltr'>facto</span> <span class='ocrx_word' id='word_1_123' title='bbox 1067 925 1155 952; x_wconf 91' lang='lat' dir='ltr'>cum</span> <span class='ocrx_word' id='word_1_124' title='bbox 1189 912 1274 952; x_wconf 91' lang='lat' dir='ltr'>telis</span> <span class='ocrx_word' id='word_1_125' title='bbox 1305 913 1353 952; x_wconf 93' lang='lat' dir='ltr'>ad</span> 
     </span>
     <span class='ocr_line' id='line_1_16' title="bbox 18 968 1389 1019; baseline 0.001 -14"><span class='ocrx_word' id='word_1_126' title='bbox 18 980 50 1006; x_wconf 65' lang='grc' dir='ltr'>ιε</span> <span class='ocrx_word' id='word_1_127' title='bbox 63 979 147 1008; x_wconf 90' lang='lat' dir='ltr'>sese</span> <span class='ocrx_word' id='word_1_128' title='bbox 167 969 445 1019; x_wconf 86' lang='lat' dir='ltr'>inrumperent.</span> <span class='ocrx_word' id='word_1_129' title='bbox 484 968 626 1007; x_wconf 90' lang='lat' dir='ltr'>Consul</span> <span class='ocrx_word' id='word_1_130' title='bbox 648 968 714 1007; x_wconf 92' lang='lat' dir='ltr'>ubi</span> <span class='ocrx_word' id='word_1_131' title='bbox 735 981 778 1007; x_wconf 85' lang='lat' dir='ltr'>ea</span> <span class='ocrx_word' id='word_1_132' title='bbox 799 969 926 1019; x_wconf 88' lang='lat' dir='ltr'>parari</span> <span class='ocrx_word' id='word_1_133' title='bbox 949 969 1136 1018; x_wconf 81' lang='lat' dir='ltr'>cognovit,</span> <span class='ocrx_word' id='word_1_134' title='bbox 1162 968 1352 1018; x_wconf 86' lang='lat' dir='ltr'>dispositis</span> <span class='ocrx_word' id='word_1_135' title='bbox 1367 972 1389 1004; x_wconf 88' lang='grc'><strong>3</strong></span> 
     </span>
     <span class='ocr_line' id='line_1_17' title="bbox 60 1023 1352 1074; baseline 0 -12"><span class='ocrx_word' id='word_1_136' title='bbox 60 1023 260 1074; x_wconf 86' lang='lat' dir='ltr'>praesidiis</span> <span class='ocrx_word' id='word_1_137' title='bbox 287 1029 330 1063; x_wconf 92' lang='lat' dir='ltr'>ut</span> <span class='ocrx_word' id='word_1_138' title='bbox 348 1035 410 1062; x_wconf 89' lang='lat' dir='ltr'>res</span> <span class='ocrx_word' id='word_1_139' title='bbox 441 1028 555 1074; x_wconf 87' lang='lat' dir='ltr'>atque</span> <span class='ocrx_word' id='word_1_140' title='bbox 577 1028 730 1073; x_wconf 88' lang='lat' dir='ltr'>tempus</span> <span class='ocrx_word' id='word_1_141' title='bbox 758 1023 952 1067; x_wconf 88' lang='lat' dir='ltr'>monebat,</span> <span class='ocrx_word' id='word_1_142' title='bbox 987 1028 1195 1062; x_wconf 78' lang='lat' dir='ltr'>convocato</span> <span class='ocrx_word' id='word_1_143' title='bbox 1217 1028 1352 1062; x_wconf 87' lang='lat' dir='ltr'>senatu</span> 
     </span>
     <span class='ocr_line' id='line_1_18' title="bbox 61 1078 1351 1130; baseline -0.001 -13"><span class='ocrx_word' id='word_1_144' title='bbox 61 1078 200 1123; x_wconf 81' lang='lat' dir='ltr'>refert,</span> <span class='ocrx_word' id='word_1_145' title='bbox 237 1079 327 1130; x_wconf 91' lang='lat' dir='ltr'>quid</span> <span class='ocrx_word' id='word_1_146' title='bbox 355 1079 401 1117; x_wconf 90' lang='lat' dir='ltr'>de</span> <span class='ocrx_word' id='word_1_147' title='bbox 433 1081 486 1118; x_wconf 87' lang='lat' dir='ltr'>eis</span> <span class='ocrx_word' id='word_1_148' title='bbox 506 1079 588 1117; x_wconf 87' lang='lat' dir='ltr'>fieri</span> <span class='ocrx_word' id='word_1_149' title='bbox 618 1078 784 1129; x_wconf 89' lang='lat' dir='ltr'>placeat,</span> <span class='ocrx_word' id='word_1_150' title='bbox 818 1080 883 1129; x_wconf 84' lang='lat' dir='ltr'>qui</span> <span class='ocrx_word' id='word_1_151' title='bbox 913 1080 951 1116; x_wconf 93' lang='lat' dir='ltr'>in</span> <span class='ocrx_word' id='word_1_152' title='bbox 981 1079 1192 1117; x_wconf 89' lang='lat' dir='ltr'>custodiam</span> <span class='ocrx_word' id='word_1_153' title='bbox 1225 1078 1351 1116; x_wconf 90' lang='lat' dir='ltr'>traditi</span> 
     </span>
     <span class='ocr_line' id='line_1_19' title="bbox 61 1133 1385 1184; baseline -0.002 -11"><span class='ocrx_word' id='word_1_154' title='bbox 61 1139 182 1173; x_wconf 87' lang='lat' dir='ltr'>erant.</span> <span class='ocrx_word' id='word_1_155' title='bbox 213 1134 279 1174; x_wconf 89' lang='lat' dir='ltr'>Set</span> <span class='ocrx_word' id='word_1_156' title='bbox 299 1146 364 1173; x_wconf 91' lang='lat' dir='ltr'>eos</span> <span class='ocrx_word' id='word_1_157' title='bbox 383 1134 497 1183; x_wconf 89' lang='lat' dir='ltr'>paulo</span> <span class='ocrx_word' id='word_1_158' title='bbox 519 1139 606 1172; x_wconf 87' lang='lat' dir='ltr'>ante</span> <span class='ocrx_word' id='word_1_159' title='bbox 627 1133 809 1184; x_wconf 83' lang='lat' dir='ltr'>frequens</span> <span class='ocrx_word' id='word_1_160' title='bbox 828 1138 983 1172; x_wconf 87' lang='lat' dir='ltr'>senatus</span> <span class='ocrx_word' id='word_1_161' title='bbox 1005 1133 1238 1172; x_wconf 80' lang='lat' dir='ltr'>iudicaverat</span> <span class='ocrx_word' id='word_1_162' title='bbox 1259 1144 1349 1171; x_wconf 91' lang='lat' dir='ltr'>con·</span> <span class='ocrx_word' id='word_1_163' title='bbox 1365 1135 1385 1165; x_wconf 81' lang='lat'>4</span> 
     </span>
     <span class='ocr_line' id='line_1_20' title="bbox 59 1187 1352 1240; baseline -0.002 -12"><span class='ocrx_word' id='word_1_164' title='bbox 59 1194 119 1228; x_wconf 89' lang='lat' dir='ltr'>tra</span> <span class='ocrx_word' id='word_1_165' title='bbox 139 1201 222 1228; x_wconf 87' lang='lat' dir='ltr'>rem</span> <span class='ocrx_word' id='word_1_166' title='bbox 243 1189 437 1240; x_wconf 89' lang='lat' dir='ltr'>publicam</span> <span class='ocrx_word' id='word_1_167' title='bbox 464 1189 610 1228; x_wconf 81' lang='lat' dir='ltr'>secisse.</span> <span class='ocrx_word' id='word_1_168' title='bbox 656 1188 756 1226; x_wconf 90' lang='lat' dir='ltr'>Tum</span> <span class='ocrx_word' id='word_1_169' title='bbox 780 1188 822 1227; x_wconf 93' lang='lat' dir='ltr'>D.</span> <span class='ocrx_word' id='word_1_170' title='bbox 848 1188 979 1227; x_wconf 90' lang='lat' dir='ltr'>Iunius</span> <span class='ocrx_word' id='word_1_171' title='bbox 1004 1187 1172 1232; x_wconf 88' lang='lat' dir='ltr'>Silanus,</span> <span class='ocrx_word' id='word_1_172' title='bbox 1204 1188 1352 1238; x_wconf 89' lang='lat' dir='ltr'>primus</span> 
     </span>
     <span class='ocr_line' id='line_1_21' title="bbox 15 1243 1349 1295; baseline -0.001 -14"><span class='ocrx_word' id='word_1_173' title='bbox 15 1254 48 1281; x_wconf 85' lang='lat'>20</span> <span class='ocrx_word' id='word_1_174' title='bbox 61 1245 287 1283; x_wconf 86' lang='lat' dir='ltr'>sententiam</span> <span class='ocrx_word' id='word_1_175' title='bbox 306 1250 463 1294; x_wconf 88' lang='lat' dir='ltr'>rogatus</span> <span class='ocrx_word' id='word_1_176' title='bbox 484 1243 586 1295; x_wconf 92' lang='lat' dir='ltr'>quod</span> <span class='ocrx_word' id='word_1_177' title='bbox 607 1255 652 1282; x_wconf 89' lang='lat' dir='ltr'>eo</span> <span class='ocrx_word' id='word_1_178' title='bbox 671 1248 846 1293; x_wconf 87' lang='lat' dir='ltr'>tempore</span> <span class='ocrx_word' id='word_1_179' title='bbox 871 1243 1003 1282; x_wconf 91' lang='lat' dir='ltr'>consul</span> <span class='ocrx_word' id='word_1_180' title='bbox 1021 1243 1239 1292; x_wconf 85' lang='lat' dir='ltr'>designatus</span> <span class='ocrx_word' id='word_1_181' title='bbox 1257 1247 1349 1286; x_wconf 84' lang='lat' dir='ltr'>erat,</span> 
     </span>
     <span class='ocr_line' id='line_1_22' title="bbox 61 1296 1350 1349; baseline -0.002 -11"><span class='ocrx_word' id='word_1_182' title='bbox 61 1299 108 1338; x_wconf 91' lang='lat' dir='ltr'>de</span> <span class='ocrx_word' id='word_1_183' title='bbox 129 1301 201 1344; x_wconf 83' lang='lat' dir='ltr'>eis,</span> <span class='ocrx_word' id='word_1_184' title='bbox 232 1301 296 1349; x_wconf 86' lang='lat' dir='ltr'>qui</span> <span class='ocrx_word' id='word_1_185' title='bbox 316 1301 354 1338; x_wconf 91' lang='lat' dir='ltr'>in</span> <span class='ocrx_word' id='word_1_186' title='bbox 378 1299 558 1338; x_wconf 88' lang='lat' dir='ltr'>custodiis</span> <span class='ocrx_word' id='word_1_187' title='bbox 582 1298 829 1342; x_wconf 88' lang='lat' dir='ltr'>tenebantur,</span> <span class='ocrx_word' id='word_1_188' title='bbox 859 1304 896 1337; x_wconf 90' lang='lat' dir='ltr'>et</span> <span class='ocrx_word' id='word_1_189' title='bbox 915 1304 1114 1348; x_wconf 82' lang='lat' dir='ltr'>praeterea</span> <span class='ocrx_word' id='word_1_190' title='bbox 1133 1298 1180 1337; x_wconf 91' lang='lat' dir='ltr'>de</span> <span class='ocrx_word' id='word_1_191' title='bbox 1200 1296 1242 1336; x_wconf 91' lang='lat' dir='ltr'>L.</span> <span class='ocrx_word' id='word_1_192' title='bbox 1263 1296 1350 1337; x_wconf 89' lang='lat' dir='ltr'>Cas-</span> 
     </span>
     <span class='ocr_line' id='line_1_23' title="bbox 60 1353 1349 1403; baseline -0.002 -11"><span class='ocrx_word' id='word_1_193' title='bbox 60 1355 115 1392; x_wconf 92' lang='lat' dir='ltr'>sio</span> <span class='ocrx_word' id='word_1_194' title='bbox 141 1355 181 1393; x_wconf 94' lang='lat' dir='ltr'>P.</span> <span class='ocrx_word' id='word_1_195' title='bbox 214 1354 332 1393; x_wconf 89' lang='lat' dir='ltr'>Furio</span> <span class='ocrx_word' id='word_1_196' title='bbox 362 1353 404 1393; x_wconf 90' lang='lat' dir='ltr'>P.</span> <span class='ocrx_word' id='word_1_197' title='bbox 427 1353 625 1393; x_wconf 87' lang='lat' dir='ltr'>Umbreno</span> <span class='ocrx_word' id='word_1_198' title='bbox 657 1354 702 1399; x_wconf 89' lang='lat' dir='ltr'>Q.</span> <span class='ocrx_word' id='word_1_199' title='bbox 732 1355 869 1398; x_wconf 87' lang='lat' dir='ltr'>Annio,</span> <span class='ocrx_word' id='word_1_200' title='bbox 907 1355 937 1392; x_wconf 91' lang='lat' dir='ltr'>si</span> <span class='ocrx_word' id='word_1_201' title='bbox 959 1353 1190 1403; x_wconf 83' lang='lat' dir='ltr'>deprehensi</span> <span class='ocrx_word' id='word_1_202' title='bbox 1210 1353 1349 1397; x_wconf 85' lang='lat' dir='ltr'>forent,</span> 
     </span>
     <span class='ocr_line' id='line_1_24' title="bbox 60 1408 1352 1459; baseline -0.002 -12"><span class='ocrx_word' id='word_1_203' title='bbox 60 1408 290 1459; x_wconf 79' lang='lat' dir='ltr'>subplicium</span> <span class='ocrx_word' id='word_1_204' title='bbox 318 1409 551 1447; x_wconf 90' lang='lat' dir='ltr'>sumundum</span> <span class='ocrx_word' id='word_1_205' title='bbox 578 1408 819 1446; x_wconf 75' lang='lat' dir='ltr'>decreverat:</span> <span class='ocrx_word' id='word_1_206' title='bbox 841 1409 949 1458; x_wconf 90' lang='lat' dir='ltr'>isque</span> <span class='ocrx_word' id='word_1_207' title='bbox 978 1414 1123 1458; x_wconf 90' lang='lat' dir='ltr'>postea,</span> <span class='ocrx_word' id='word_1_208' title='bbox 1153 1412 1352 1458; x_wconf 90' lang='lat' dir='ltr'>permotus</span> 
     </span>
     <span class='ocr_line' id='line_1_25' title="bbox 62 1462 1352 1513; baseline -0.002 -11"><span class='ocrx_word' id='word_1_209' title='bbox 62 1465 234 1503; x_wconf 88' lang='lat' dir='ltr'>oratione</span> <span class='ocrx_word' id='word_1_210' title='bbox 255 1464 298 1503; x_wconf 93' lang='lat' dir='ltr'>G.</span> <span class='ocrx_word' id='word_1_211' title='bbox 322 1463 505 1507; x_wconf 88' lang='lat' dir='ltr'>Caesaris,</span> <span class='ocrx_word' id='word_1_212' title='bbox 536 1462 699 1513; x_wconf 89' lang='lat' dir='ltr'>pedibus</span> <span class='ocrx_word' id='word_1_213' title='bbox 720 1464 758 1500; x_wconf 89' lang='lat' dir='ltr'>in</span> <span class='ocrx_word' id='word_1_214' title='bbox 779 1464 1006 1501; x_wconf 86' lang='lat' dir='ltr'>sententiam</span> <span class='ocrx_word' id='word_1_215' title='bbox 1029 1463 1159 1502; x_wconf 88' lang='lat' dir='ltr'>Tiberi</span> <span class='ocrx_word' id='word_1_216' title='bbox 1188 1462 1352 1501; x_wconf 84' lang='lat' dir='ltr'>Neronis</span> 
     </span>
     <span class='ocr_line' id='line_1_26' title="bbox 15 1517 1350 1569; baseline -0.001 -12"><span class='ocrx_word' id='word_1_217' title='bbox 15 1519 206 1558; x_wconf 81' lang='lat' dir='ltr'>2⁵iturum</span> <span class='ocrx_word' id='word_1_218' title='bbox 232 1531 273 1558; x_wconf 89' lang='lat' dir='ltr'>se</span> <span class='ocrx_word' id='word_1_219' title='bbox 303 1519 471 1562; x_wconf 84' lang='lat' dir='ltr'>dixerat,</span> <span class='ocrx_word' id='word_1_220' title='bbox 503 1519 568 1569; x_wconf 87' lang='lat' dir='ltr'>qui</span> <span class='ocrx_word' id='word_1_221' title='bbox 592 1518 638 1557; x_wconf 91' lang='lat' dir='ltr'>de</span> <span class='ocrx_word' id='word_1_222' title='bbox 658 1529 702 1556; x_wconf 86' lang='lat' dir='ltr'>ea</span> <span class='ocrx_word' id='word_1_223' title='bbox 722 1530 765 1556; x_wconf 91' lang='lat' dir='ltr'>re</span> <span class='ocrx_word' id='word_1_224' title='bbox 794 1518 995 1567; x_wconf 89' lang='lat' dir='ltr'>praesidiis</span> <span class='ocrx_word' id='word_1_225' title='bbox 1018 1518 1153 1557; x_wconf 88' lang='lat' dir='ltr'>additis</span> <span class='ocrx_word' id='word_1_226' title='bbox 1173 1517 1350 1556; x_wconf 81' lang='lat' dir='ltr'>reserun-</span> 
     </span>
     <span class='ocr_line' id='line_1_27' title="bbox 61 1573 1384 1621; baseline -0.001 -9"><span class='ocrx_word' id='word_1_227' title='bbox 61 1574 153 1612; x_wconf 92' lang='lat' dir='ltr'>dum</span> <span class='ocrx_word' id='word_1_228' title='bbox 180 1579 393 1613; x_wconf 88' lang='lat' dir='ltr'>censuerat.</span> <span class='ocrx_word' id='word_1_229' title='bbox 454 1574 520 1612; x_wconf 88' lang='lat' dir='ltr'>Set</span> <span class='ocrx_word' id='word_1_230' title='bbox 545 1573 696 1617; x_wconf 90' lang='lat' dir='ltr'>Caesar,</span> <span class='ocrx_word' id='word_1_231' title='bbox 725 1573 791 1611; x_wconf 93' lang='lat' dir='ltr'>ubi</span> <span class='ocrx_word' id='word_1_232' title='bbox 809 1573 856 1611; x_wconf 87' lang='lat' dir='ltr'>ad</span> <span class='ocrx_word' id='word_1_233' title='bbox 878 1585 965 1611; x_wconf 89' lang='lat' dir='ltr'>eum</span> <span class='ocrx_word' id='word_1_234' title='bbox 986 1578 1140 1611; x_wconf 75' lang='lat' dir='ltr'>ventum</span> <span class='ocrx_word' id='word_1_235' title='bbox 1162 1578 1218 1612; x_wconf 93' lang='lat' dir='ltr'>est</span> <span class='ocrx_word' id='word_1_236' title='bbox 1237 1582 1349 1621; x_wconf 85' lang='lat' dir='ltr'>roga·</span> <span class='ocrx_word' id='word_1_237' title='bbox 1364 1579 1384 1611; x_wconf 88' lang='grc'><strong>5</strong></span> 
     </span>
     <span class='ocr_line' id='line_1_28' title="bbox 60 1627 1349 1671; baseline -0.002 -5"><span class='ocrx_word' id='word_1_238' title='bbox 60 1634 122 1667; x_wconf 88' lang='lat' dir='ltr'>tus</span> <span class='ocrx_word' id='word_1_239' title='bbox 151 1630 377 1669; x_wconf 89' lang='lat' dir='ltr'>sententiam</span> <span class='ocrx_word' id='word_1_240' title='bbox 399 1641 417 1667; x_wconf 91' lang='lat' dir='ltr'>a</span> <span class='ocrx_word' id='word_1_241' title='bbox 439 1627 607 1671; x_wconf 89' lang='lat' dir='ltr'>consule,</span> <span class='ocrx_word' id='word_1_242' title='bbox 638 1628 797 1667; x_wconf 91' lang='lat' dir='ltr'>huiusce</span> <span class='ocrx_word' id='word_1_243' title='bbox 816 1628 920 1666; x_wconf 92' lang='lat' dir='ltr'>modi</span> <span class='ocrx_word' id='word_1_244' title='bbox 949 1627 1064 1667; x_wconf 76' lang='lat' dir='ltr'>verba</span> <span class='ocrx_word' id='word_1_245' title='bbox 1093 1628 1244 1667; x_wconf 91' lang='lat' dir='ltr'>locutus</span> <span class='ocrx_word' id='word_1_246' title='bbox 1274 1631 1349 1666; x_wconf 86' lang='lat' dir='ltr'>est:</span> 
     </span>
     <span class='ocr_line' id='line_1_29' title="bbox 174 1680 1411 1734; baseline -0.003 -11"><span class='ocrx_word' id='word_1_247' title='bbox 174 1684 318 1724; x_wconf 92' lang='lat' dir='ltr'>‘Omnis</span> <span class='ocrx_word' id='word_1_248' title='bbox 337 1684 523 1728; x_wconf 83' lang='lat' dir='ltr'>homines,</span> <span class='ocrx_word' id='word_1_249' title='bbox 545 1688 672 1733; x_wconf 85' lang='lat' dir='ltr'>patres</span> <span class='ocrx_word' id='word_1_250' title='bbox 695 1684 912 1733; x_wconf 89' lang='lat' dir='ltr'>conscripti,</span> <span class='ocrx_word' id='word_1_251' title='bbox 936 1684 999 1734; x_wconf 90' lang='lat' dir='ltr'>qui</span> <span class='ocrx_word' id='word_1_252' title='bbox 1020 1684 1066 1722; x_wconf 92' lang='lat' dir='ltr'>de</span> <span class='ocrx_word' id='word_1_253' title='bbox 1085 1683 1204 1722; x_wconf 89' lang='lat' dir='ltr'>rebus</span> <span class='ocrx_word' id='word_1_254' title='bbox 1226 1681 1350 1721; x_wconf 90' lang='lat' dir='ltr'>dubiis</span> <span class='ocrx_word' id='word_1_255' title='bbox 1365 1680 1411 1718; x_wconf 85' lang='lat'>51</span> 
     </span>
     <span class='ocr_line' id='line_1_30' title="bbox 61 1738 1351 1789; baseline -0.003 -11"><span class='ocrx_word' id='word_1_256' title='bbox 61 1739 296 1784; x_wconf 88' lang='lat' dir='ltr'>consultant,</span> <span class='ocrx_word' id='word_1_257' title='bbox 328 1739 374 1778; x_wconf 86' lang='lat' dir='ltr'>ab</span> <span class='ocrx_word' id='word_1_258' title='bbox 397 1739 483 1777; x_wconf 90' lang='lat' dir='ltr'>odio</span> <span class='ocrx_word' id='word_1_259' title='bbox 504 1740 684 1782; x_wconf 85' lang='lat' dir='ltr'>amicitia,</span> <span class='ocrx_word' id='word_1_260' title='bbox 722 1739 777 1776; x_wconf 89' lang='lat' dir='ltr'>ira</span> <span class='ocrx_word' id='word_1_261' title='bbox 796 1743 909 1789; x_wconf 87' lang='lat' dir='ltr'>atque</span> <span class='ocrx_word' id='word_1_262' title='bbox 928 1738 1189 1776; x_wconf 89' lang='lat' dir='ltr'>misericordia</span> <span class='ocrx_word' id='word_1_263' title='bbox 1210 1748 1351 1775; x_wconf 89' lang='lat' dir='ltr'>vacuos</span> 
     </span>
     <span class='ocr_line' id='line_1_31' title="bbox 15 1791 1385 1843; baseline -0.006 -8"><span class='ocrx_word' id='word_1_264' title='bbox 15 1808 47 1835; x_wconf 70' lang='lat' dir='ltr'>so</span> <span class='ocrx_word' id='word_1_265' title='bbox 61 1806 144 1834; x_wconf 88' lang='lat' dir='ltr'>esse</span> <span class='ocrx_word' id='word_1_266' title='bbox 170 1795 290 1834; x_wconf 89' lang='lat' dir='ltr'>decet.</span> <span class='ocrx_word' id='word_1_267' title='bbox 322 1795 422 1833; x_wconf 92' lang='lat' dir='ltr'>Haut</span> <span class='ocrx_word' id='word_1_268' title='bbox 444 1793 552 1832; x_wconf 83' lang='lat' dir='ltr'>facile</span> <span class='ocrx_word' id='word_1_269' title='bbox 572 1795 721 1832; x_wconf 89' lang='lat' dir='ltr'>animus</span> <span class='ocrx_word' id='word_1_270' title='bbox 743 1805 874 1832; x_wconf 79' lang='lat' dir='ltr'>verum</span> <span class='ocrx_word' id='word_1_271' title='bbox 898 1793 1084 1843; x_wconf 86' lang='lat' dir='ltr'>providet,</span> <span class='ocrx_word' id='word_1_272' title='bbox 1115 1792 1181 1831; x_wconf 90' lang='lat' dir='ltr'>ubi</span> <span class='ocrx_word' id='word_1_273' title='bbox 1199 1791 1261 1830; x_wconf 90' lang='lat' dir='ltr'>illa</span> <span class='ocrx_word' id='word_1_274' title='bbox 1283 1791 1350 1829; x_wconf 93' lang='lat' dir='ltr'>ob-</span> <span class='ocrx_word' id='word_1_275' title='bbox 1364 1796 1385 1827; x_wconf 87' lang='lat'><strong>2</strong></span> 
     </span>
     <span class='ocr_line' id='line_1_32' title="bbox 59 1847 1350 1900; baseline -0.002 -12"><span class='ocrx_word' id='word_1_276' title='bbox 59 1849 210 1894; x_wconf 84' lang='lat' dir='ltr'>ficiunt,</span> <span class='ocrx_word' id='word_1_277' title='bbox 242 1861 367 1900; x_wconf 89' lang='lat' dir='ltr'>neque</span> <span class='ocrx_word' id='word_1_278' title='bbox 389 1851 590 1900; x_wconf 89' lang='lat' dir='ltr'>quisquam</span> <span class='ocrx_word' id='word_1_279' title='bbox 612 1850 782 1887; x_wconf 90' lang='lat' dir='ltr'>omnium</span> <span class='ocrx_word' id='word_1_280' title='bbox 806 1847 967 1886; x_wconf 87' lang='lat' dir='ltr'>lubidini</span> <span class='ocrx_word' id='word_1_281' title='bbox 986 1847 1098 1886; x_wconf 90' lang='lat' dir='ltr'>simul</span> <span class='ocrx_word' id='word_1_282' title='bbox 1120 1852 1157 1886; x_wconf 88' lang='lat' dir='ltr'>et</span> <span class='ocrx_word' id='word_1_283' title='bbox 1176 1848 1263 1886; x_wconf 91' lang='lat' dir='ltr'>usui</span> <span class='ocrx_word' id='word_1_284' title='bbox 1283 1857 1350 1896; x_wconf 88' lang='lat' dir='ltr'>pa-</span> 
     </span>
     <span class='ocr_line' id='line_1_33' title="bbox 59 1902 1384 1952; baseline -0.002 -10"><span class='ocrx_word' id='word_1_285' title='bbox 59 1906 147 1943; x_wconf 89' lang='lat' dir='ltr'>ruit.</span> <span class='ocrx_word' id='word_1_286' title='bbox 187 1904 260 1944; x_wconf 92' lang='lat' dir='ltr'>Ubi</span> <span class='ocrx_word' id='word_1_287' title='bbox 282 1905 491 1943; x_wconf 90' lang='lat' dir='ltr'>intenderis</span> <span class='ocrx_word' id='word_1_288' title='bbox 511 1904 724 1952; x_wconf 87' lang='lat' dir='ltr'>ingenium,</span> <span class='ocrx_word' id='word_1_289' title='bbox 748 1902 864 1941; x_wconf 82' lang='lat' dir='ltr'>valet:</span> <span class='ocrx_word' id='word_1_290' title='bbox 896 1904 927 1941; x_wconf 94' lang='lat' dir='ltr'>si</span> <span class='ocrx_word' id='word_1_291' title='bbox 946 1902 1077 1940; x_wconf 90' lang='lat' dir='ltr'>lubido</span> <span class='ocrx_word' id='word_1_292' title='bbox 1098 1902 1284 1952; x_wconf 88' lang='lat' dir='ltr'>possidet,</span> <span class='ocrx_word' id='word_1_293' title='bbox 1307 1913 1349 1940; x_wconf 89' lang='lat' dir='ltr'>ea</span> <span class='ocrx_word' id='word_1_294' title='bbox 1365 1906 1384 1938; x_wconf 88' lang='lat'><strong>3</strong></span> 
     </span>
     <span class='ocr_line' id='line_1_34' title="bbox 60 1957 1386 2007; baseline -0.003 -9"><span class='ocrx_word' id='word_1_295' title='bbox 60 1959 295 2004; x_wconf 89' lang='lat' dir='ltr'>dominatur,</span> <span class='ocrx_word' id='word_1_296' title='bbox 328 1960 476 1997; x_wconf 88' lang='lat' dir='ltr'>animus</span> <span class='ocrx_word' id='word_1_297' title='bbox 495 1958 588 1997; x_wconf 91' lang='lat' dir='ltr'>nihil</span> <span class='ocrx_word' id='word_1_298' title='bbox 612 1957 720 1996; x_wconf 83' lang='lat' dir='ltr'>valet.</span> <span class='ocrx_word' id='word_1_299' title='bbox 775 1958 911 2007; x_wconf 83' lang='lat' dir='ltr'>Magna</span> <span class='ocrx_word' id='word_1_300' title='bbox 939 1957 1032 1995; x_wconf 91' lang='lat' dir='ltr'>mihi</span> <span class='ocrx_word' id='word_1_301' title='bbox 1061 1958 1170 2007; x_wconf 90' lang='lat' dir='ltr'>copia</span> <span class='ocrx_word' id='word_1_302' title='bbox 1192 1961 1250 1996; x_wconf 88' lang='lat' dir='ltr'>est</span> <span class='ocrx_word' id='word_1_303' title='bbox 1269 1968 1348 1995; x_wconf 90' lang='lat' dir='ltr'>me·</span> <span class='ocrx_word' id='word_1_304' title='bbox 1365 1964 1386 1993; x_wconf 83' lang='lat'><strong>4</strong></span> 
     </span>
     <span class='ocr_line' id='line_1_35' title="bbox 59 2011 1352 2065; baseline -0.002 -13"><span class='ocrx_word' id='word_1_305' title='bbox 59 2015 253 2059; x_wconf 90' lang='lat' dir='ltr'>morandi,</span> <span class='ocrx_word' id='word_1_306' title='bbox 274 2019 403 2065; x_wconf 89' lang='lat' dir='ltr'>patres</span> <span class='ocrx_word' id='word_1_307' title='bbox 425 2015 650 2063; x_wconf 87' lang='lat' dir='ltr'>conscripti,</span> <span class='ocrx_word' id='word_1_308' title='bbox 674 2025 771 2063; x_wconf 89' lang='lat' dir='ltr'>quae</span> <span class='ocrx_word' id='word_1_309' title='bbox 792 2023 904 2061; x_wconf 85' lang='lat' dir='ltr'>reges</span> <span class='ocrx_word' id='word_1_310' title='bbox 924 2018 1038 2063; x_wconf 90' lang='lat' dir='ltr'>atque</span> <span class='ocrx_word' id='word_1_311' title='bbox 1058 2011 1190 2062; x_wconf 89' lang='lat' dir='ltr'>populi</span> <span class='ocrx_word' id='word_1_312' title='bbox 1210 2012 1266 2050; x_wconf 89' lang='lat' dir='ltr'>ira</span> <span class='ocrx_word' id='word_1_313' title='bbox 1287 2017 1352 2050; x_wconf 85' lang='lat' dir='ltr'>aut</span> 
     </span>
     <span class='ocr_line' id='line_1_36' title="bbox 14 2066 1349 2119; baseline -0.004 -9"><span class='ocrx_word' id='word_1_314' title='bbox 14 2070 319 2110; x_wconf 69' lang='lat' dir='ltr'>ssmisericordia</span> <span class='ocrx_word' id='word_1_315' title='bbox 341 2068 481 2119; x_wconf 88' lang='lat' dir='ltr'>inpulsi</span> <span class='ocrx_word' id='word_1_316' title='bbox 500 2068 600 2107; x_wconf 91' lang='lat' dir='ltr'>male</span> <span class='ocrx_word' id='word_1_317' title='bbox 624 2067 906 2107; x_wconf 88' lang='lat' dir='ltr'>consuluerint:</span> <span class='ocrx_word' id='word_1_318' title='bbox 938 2072 996 2106; x_wconf 89' lang='lat' dir='ltr'>set</span> <span class='ocrx_word' id='word_1_319' title='bbox 1015 2080 1058 2106; x_wconf 86' lang='lat' dir='ltr'>ea</span> <span class='ocrx_word' id='word_1_320' title='bbox 1079 2067 1179 2106; x_wconf 90' lang='lat' dir='ltr'>malo</span> <span class='ocrx_word' id='word_1_321' title='bbox 1209 2066 1349 2110; x_wconf 89' lang='lat' dir='ltr'>dicere,</span> 
     </span>
     <span class='ocr_line' id='line_1_37' title="bbox 61 2122 1352 2175; baseline -0.004 -11"><span class='ocrx_word' id='word_1_322' title='bbox 61 2136 159 2175; x_wconf 90' lang='lat' dir='ltr'>quae</span> <span class='ocrx_word' id='word_1_323' title='bbox 178 2125 343 2164; x_wconf 89' lang='lat' dir='ltr'>maiores</span> <span class='ocrx_word' id='word_1_324' title='bbox 364 2125 484 2162; x_wconf 88' lang='lat' dir='ltr'>nostri</span> <span class='ocrx_word' id='word_1_325' title='bbox 512 2128 645 2162; x_wconf 89' lang='lat' dir='ltr'>contra</span> <span class='ocrx_word' id='word_1_326' title='bbox 670 2122 881 2161; x_wconf 87' lang='lat' dir='ltr'>lubidinem</span> <span class='ocrx_word' id='word_1_327' title='bbox 902 2124 1016 2161; x_wconf 87' lang='lat' dir='ltr'>animi</span> <span class='ocrx_word' id='word_1_328' title='bbox 1035 2124 1092 2162; x_wconf 93' lang='lat' dir='ltr'>sui</span> <span class='ocrx_word' id='word_1_329' title='bbox 1113 2126 1218 2161; x_wconf 88' lang='lat' dir='ltr'>recte</span> <span class='ocrx_word' id='word_1_330' title='bbox 1238 2127 1352 2173; x_wconf 88' lang='lat' dir='ltr'>atque</span> 
     </span>
     <span class='ocr_line' id='line_1_38' title="bbox 59 2177 1383 2229; baseline -0.002 -12"><span class='ocrx_word' id='word_1_331' title='bbox 59 2180 193 2219; x_wconf 89' lang='lat' dir='ltr'>ordine</span> <span class='ocrx_word' id='word_1_332' title='bbox 214 2180 353 2219; x_wconf 83' lang='lat' dir='ltr'>secere.</span> <span class='ocrx_word' id='word_1_333' title='bbox 386 2178 492 2217; x_wconf 90' lang='lat' dir='ltr'>Bello</span> <span class='ocrx_word' id='word_1_334' title='bbox 513 2178 770 2222; x_wconf 81' lang='lat' dir='ltr'>Macedonico,</span> <span class='ocrx_word' id='word_1_335' title='bbox 796 2178 898 2229; x_wconf 89' lang='lat' dir='ltr'>quod</span> <span class='ocrx_word' id='word_1_336' title='bbox 916 2190 1003 2217; x_wconf 91' lang='lat' dir='ltr'>cum</span> <span class='ocrx_word' id='word_1_337' title='bbox 1022 2189 1113 2227; x_wconf 84' lang='lat' dir='ltr'>rege</span> <span class='ocrx_word' id='word_1_338' title='bbox 1131 2177 1247 2215; x_wconf 89' lang='lat' dir='ltr'>Perse</span> <span class='ocrx_word' id='word_1_339' title='bbox 1266 2187 1349 2226; x_wconf 88' lang='lat' dir='ltr'>ges·</span> <span class='ocrx_word' id='word_1_340' title='bbox 1363 2178 1383 2209; x_wconf 86' lang='lat'>5</span> 
     </span>
     <span class='ocr_line' id='line_1_39' title="bbox 58 2233 1350 2283; baseline -0.001 -12"><span class='ocrx_word' id='word_1_341' title='bbox 58 2236 198 2279; x_wconf 88' lang='lat' dir='ltr'>simus,</span> <span class='ocrx_word' id='word_1_342' title='bbox 232 2234 471 2273; x_wconf 84' lang='lat' dir='ltr'>Rhodiorum</span> <span class='ocrx_word' id='word_1_343' title='bbox 501 2235 629 2272; x_wconf 87' lang='lat' dir='ltr'>civitas</span> <span class='ocrx_word' id='word_1_344' title='bbox 659 2243 795 2282; x_wconf 89' lang='lat' dir='ltr'>magna</span> <span class='ocrx_word' id='word_1_345' title='bbox 836 2238 950 2283; x_wconf 86' lang='lat' dir='ltr'>atque</span> <span class='ocrx_word' id='word_1_346' title='bbox 988 2233 1211 2282; x_wconf 86' lang='lat' dir='ltr'>magnifica,</span> <span class='ocrx_word' id='word_1_347' title='bbox 1253 2243 1350 2282; x_wconf 88' lang='lat' dir='ltr'>quae</span> 
     </span>
    </p>
   </div>
  </div>
 </body>
</html>
