1537 2512
279 83 336 110 ΒΕ
365 83 500 110 mmm
532 82 796 111 womwnmo
829 83 864 111 c.
895 77 950 114 66.
977 77 1035 113 67.
1068 77 1126 114 68.
1304 72 1358 112 79

61 181 131 224 let.
170 186 208 221 et
238 192 417 221 maxume
447 181 719 226 Numidarum,
756 182 910 231 ingenio
947 180 1098 226 mobili,
1133 181 1356 221 seditiosum

60 241 176 288 atque
202 236 482 276 discordiosum
510 241 604 282 erat,
633 236 815 287 cupidum
842 247 1028 276 novarum
1057 248 1208 281 reram,
1239 238 1355 289 quieti

61 297 98 332 et
127 292 204 331 otio
235 291 452 331 advorsum.
503 291 599 331 Dein
620 293 827 342 conpositis
851 293 950 331 inter
973 303 1014 331 se
1043 292 1162 331 rebus
1187 292 1226 331 in
1255 292 1355 331 diem

59 348 216 386 tertium
241 348 488 391 constituunt,
521 347 623 398 quod
653 348 684 386 is
704 347 823 386 festus
852 347 1144 398 celebratusque
1173 359 1244 397 per
1274 359 1354 386 om-

31 414 149 442 snem
174 402 344 442 Africam
373 402 506 442 ludum
537 408 575 442 et
602 402 794 441 lasciviam
820 404 941 453 magis
975 415 1089 454 quam
1111 403 1354 442 formidinem

60 457 287 497 ostentabat.
347 458 412 497 Set
441 457 507 497 ubi
537 463 689 509 tempus
720 457 800 502 fuit,
832 459 1076 498 centuriones
1097 457 1388 509 tribunosquea

58 512 232 553 militaris
263 518 301 552 et
325 514 451 564 ipsum
481 513 718 564 praefectum
750 514 897 564 oppidi,
940 513 982 552 T.
1014 513 1228 564 Turpilium
1259 513 1353 553 Sila-

58 580 164 614 num,
196 568 293 608 alius
322 568 438 608 alium
468 569 602 608 domos
632 580 722 607 suas
750 569 920 613 invitant,
950 581 1015 608 eos
1042 571 1165 608 omnis
1199 573 1354 620 praeter

58 623 275 675 Turpilium
299 624 399 663 inter
429 623 561 674 epulas
591 624 845 663 obtruncant:
868 630 1000 674 postea
1020 625 1157 663 milites
1177 624 1351 674 palantis,
1379 621 1385 627 “

15 692 45 718 ιο
59 679 241 724 inermos,
270 680 412 730 quippe
432 681 470 718 in
492 679 555 718 tali
579 680 638 718 die
653 709 663 723 ,
695 692 738 718 ac
763 680 844 718 sine
862 680 1041 731 imperio,
1062 679 1350 729 adgrediuntur.

59 734 165 774 idem
200 734 334 785 plebes
373 734 482 779 facit,
521 746 611 784 pars
641 734 766 773 edocti
803 734 850 773 ab
879 734 1096 778 nobilitate,
1136 734 1199 773 alii
1228 735 1388 774 studio4

59 789 190 829 talium
217 801 351 829 rerum
379 791 541 834 incitati,
573 790 657 841 quis
679 794 761 828 acta
784 789 1061 841 consiliumque
1086 790 1353 840 ignorantibus

60 844 244 884 tumultus
269 846 351 895 ipse
381 851 418 885 et
447 856 510 884 res
541 857 662 884 novae
690 845 780 883 satis
806 844 1021 896 placebant.
1064 844 1226 884 Romani
1256 845 1351 884 mili·
1368 844 1417 883 67

2 917 10 921 -
60 906 134 945 tes,
171 901 363 951 inproviso
383 906 486 940 metu
514 901 651 939 incerti
677 901 876 951 ignarique
907 901 997 951 quid
1024 901 1276 950 potissumum
1299 901 1352 939 fa-

13 971 43 997 1⁵
59 961 212 1000 cerent,
244 956 458 1006 trepidare:
510 956 557 995 ad
606 967 735 994 arcem
767 956 914 1006 oppidi,
950 955 1016 995 ubi
1046 956 1154 1005 signa
1181 960 1219 995 et
1245 960 1353 994 scuta

58 1020 187 1059 erant,
240 1013 478 1064 praesidium
522 1013 715 1058 hostium,
767 1019 902 1065 portae
948 1020 1037 1053 ante
1081 1013 1236 1053 clausae
1263 1012 1352 1062 fuga

57 1069 334 1123 prohibebant:
376 1068 420 1107 ad
453 1068 528 1107 hoc
566 1069 749 1108 mulieres
780 1071 972 1121 puerique
1010 1081 1082 1120 pro
1123 1067 1352 1108 tectisaedi-

55 1128 233 1167 fictorum
253 1138 343 1167 saxa
364 1132 402 1167 et
428 1126 511 1171 alia,
537 1139 635 1178 quae
666 1126 774 1164 locus
803 1125 1032 1176 praebebat,
1065 1126 1236 1164 certatim
1266 1126 1351 1164 mit-

56 1187 150 1223 tere.
208 1182 263 1221 Ita
293 1194 418 1234 neque
449 1183 575 1222 caveri
596 1193 738 1232 anceps
758 1180 913 1226 malum,
934 1193 1059 1232 neque
1080 1193 1099 1219 a
1123 1181 1350 1219 fortissumis
1364 1189 1385 1220 2

12 1251 44 1277 20
57 1238 331 1278 infirmissumo
351 1239 484 1288 generi
504 1238 628 1276 resisti
650 1248 781 1286 posse:
805 1237 907 1276 iuxta
929 1236 1020 1275 boni
1040 1236 1226 1286 malique,
1255 1240 1350 1274 stre·

57 1294 123 1333 nui
144 1299 182 1333 et
202 1293 363 1333 inbelles
383 1293 492 1332 inulti
512 1293 748 1332 obtruncari.
791 1291 831 1330 ln
854 1304 897 1331 ea
918 1296 1022 1331 tanta
1044 1293 1247 1342 asperitate
1268 1303 1349 1329 sae·
1363 1299 1384 1332 3

57 1350 240 1401 vissumis
257 1348 430 1388 Numidis
450 1353 488 1388 et
509 1348 650 1399 oppido
671 1348 841 1398 undique
862 1347 991 1386 clauso
1015 1346 1210 1397 Turpilius
1239 1357 1350 1396 prae-

58 1405 181 1444 fectus
205 1415 307 1443 unus
336 1415 381 1443 ex
407 1403 586 1442 omnibus
612 1402 750 1441 Italicis
781 1404 944 1441 intactus
974 1401 1156 1452 profugit.
1214 1400 1256 1439 ld
1282 1402 1350 1439 mi·

59 1459 319 1500 sericordiane
335 1459 494 1509 hospitis
510 1470 558 1498 an
572 1459 751 1511 pactione
764 1466 829 1510 *aut
851 1468 940 1496 casu
959 1458 1007 1495 ita
1025 1457 1193 1496 evenerit
1213 1467 1349 1506 parum

12 1527 44 1554 25
59 1516 325 1566 conperimus,
350 1515 439 1558 nisi,
459 1516 546 1565 quia
568 1513 620 1553 illi
642 1515 680 1552 in
703 1518 807 1551 tanto
833 1512 932 1551 malo
961 1513 1082 1562 turpis
1110 1513 1182 1550 vita
1202 1512 1349 1562 integra

58 1570 158 1610 fama
179 1571 305 1620 potior
333 1570 414 1614 fuit,
439 1569 627 1619 inprobus
655 1567 956 1618 intestabilisque
985 1568 1145 1607 videtur.

167 1626 359 1672 Metellus,
391 1631 594 1678 postquam
634 1627 681 1666 de
711 1627 828 1666 rebus
860 1625 987 1676 Vagae
1037 1627 1131 1666 actis
1163 1626 1351 1676 conperit,
1368 1629 1420 1670 68

54 1682 250 1734 paulisper
279 1688 449 1722 maestus
479 1694 526 1721 ex
556 1687 765 1733 conspectu
796 1681 895 1722 abit:
932 1681 1090 1726 deinde,
1121 1681 1188 1721 ubi
1226 1682 1283 1720 ira
1315 1687 1352 1720 et

54 1739 258 1790 aegritudo
280 1739 468 1790 permixta
490 1743 596 1783 sunt,
631 1750 716 1777 cum
740 1749 918 1777 maxuma
941 1748 1033 1776 cura
1056 1736 1178 1775 ultum
1210 1737 1265 1775 ire
1294 1737 1351 1774 in-

12 1794 177 1834 wiurias
198 1794 362 1833 festinat.
399 1794 622 1844 Legionem,
646 1805 732 1832 cum
756 1805 829 1844 qua
852 1792 1057 1837 hiemabat,
1081 1796 1119 1831 et
1134 1803 1249 1843 quam
1270 1790 1354 1842 plu·
1371 1793 1391 1823 2

58 1861 192 1889 rumos
230 1853 358 1900 potest
386 1847 571 1888 Numidas
602 1850 751 1898 equites
794 1848 939 1899 pariter
970 1859 1058 1886 cum
1089 1858 1228 1886 occasu
1265 1845 1355 1886 solis

58 1904 256 1956 expeditos
278 1905 406 1944 educit
427 1909 465 1942 et
485 1910 638 1954 postera
661 1904 722 1943 die
744 1905 898 1942 circiter
929 1903 1064 1942 horam
1085 1903 1236 1941 tertiam
1267 1912 1355 1952 per-

56 1961 158 2000 venit
187 1961 224 1999 in
255 1959 448 2011 quandam
479 1958 697 2009 planitiem,
728 1959 824 1998 locis
853 1958 967 2009 paulo
996 1957 1261 2009 superioribus
1283 1958 1352 1996 cir-

57 2019 310 2055 cumventam.
369 2015 425 2054 lbi
447 2015 587 2055 milites
617 2015 738 2054 fessos
758 2015 906 2054 itineris
926 2013 1187 2065 magnitudine
1217 2017 1254 2052 et
1282 2013 1356 2051 iam
1374 2015 1394 2048 3

13 2079 48 2108 ⁸⁵
60 2069 263 2111 abnuentis
284 2072 411 2110 omnia
433 2070 564 2116 docet,
586 2071 770 2121 oppidum
799 2071 939 2121 Vagam
969 2081 1046 2109 non
1068 2067 1232 2118 amplius
1253 2066 1357 2106 mille

59 2137 242 2177 passuum
260 2125 415 2166 abesse:
438 2126 579 2167 decere
600 2125 687 2166 illos
707 2125 867 2166 relicum
890 2124 1064 2164 laborem
1087 2135 1211 2176 aequo
1226 2123 1355 2163 animo

58 2182 156 2233 pati,
177 2181 268 2221 dum
290 2194 361 2232 pro
383 2181 530 2221 civibus
551 2183 649 2227 suis,
670 2183 762 2220 viris
783 2181 1014 2220 fortissumis
1035 2184 1149 2230 atque
1169 2181 1354 2219 miserru-

59 2237 151 2282 mis,
174 2248 318 2287 poenas
339 2244 540 2289 caperent:
571 2242 773 2289 praeterea
795 2236 979 2287 praedam
1001 2235 1167 2286 benigne
1189 2238 1362 2274 ostentat-
