1537 2512
418 132 473 158 nx
500 130 719 158 ms'ronns
750 130 1013 157 EXCERPTAE.
1288 119 1364 158 115

68 230 250 281 quoniam
284 229 500 270 defectione
536 229 732 268 sociorum
770 233 807 267 et
837 228 983 268 Sertori
1008 239 1080 278 per
1108 229 1248 267 montis
1277 228 1367 278 fuga

67 297 196 336 neque
215 296 333 324 manu
355 290 505 325 certare
524 289 687 335 possunt
706 295 833 334 neque
856 283 961 323 utilia
983 294 1132 334 parare.
1163 283 1368 323 Exercitus

67 341 107 379 in
137 340 224 379 Asia
252 339 458 391 Ciliciaque
481 338 530 379 ob
558 340 695 378 nimias
721 350 813 389 opes
837 339 1063 378 Mithridatis
1092 338 1258 383 aluntur,
1288 338 1367 378 Ma-

70 395 229 434 cedonia
259 395 373 446 plena
402 395 570 434 hostium
601 399 670 439 est,
701 406 773 433 nec
802 395 929 433 minus
952 393 1082 433 Italiae
1101 395 1304 434 marituma
1330 400 1368 434 et

39 463 55 488 ε
67 451 367 501 provinciarum,
391 463 479 490 cum
501 451 655 490 interim
676 449 870 500 vectigalia
894 461 1011 500 parva
1032 454 1068 488 et
1088 449 1198 489 bellis
1219 452 1367 489 incerta

67 506 128 544 vix
158 511 309 556 partem
339 511 562 556 sumptuum
590 506 797 544 sustinent:
830 506 880 544 ita
902 504 1035 549 classe,
1065 517 1164 556 quae
1187 517 1366 544 conmea-

67 565 130 599 tus
158 561 352 607 tuebatur,
384 563 534 600 minore
564 572 679 612 quam
703 565 813 600 antea
840 561 1073 611 navigamus.
1103 560 1208 600 Haec
1227 561 1259 599 si
1278 559 1366 599 dolo

69 620 133 655 aut
170 616 347 656 socordia
386 621 517 655 nostra
549 621 744 655 contracta
775 621 882 660 sunt,
929 616 1028 666 agite
1065 621 1106 654 ut
1136 620 1267 655 monet
1294 616 1364 660 ira,

68 670 300 722 subplicium
321 673 480 711 sumite:
510 673 568 710 sin
590 671 745 710 fortuna
769 672 984 710 communis
1005 672 1178 720 asperior
1200 676 1268 716 est,
1290 682 1366 722 qua

23 734 55 761 ω
67 737 111 765 re
133 726 288 776 indigna
310 727 416 767 vohis
436 726 625 777 nobisque
650 732 687 765 et
706 738 750 766 re
773 725 927 776 publica
942 726 1131 776 incipitis?

178 783 303 834 Atque
333 794 424 832 ego,
462 783 570 821 cuius
603 782 717 822 aetati
747 794 851 820 mors
880 783 1039 832 propior
1075 786 1149 826 est,
1187 792 1266 819 non
1300 781 1366 820 de—

65 848 229 888 precor,
260 839 292 876 si
317 838 407 889 quid
438 849 482 876 ea
508 836 616 876 vobis
645 837 878 876 incommodi
909 836 1094 876 demitur:
1124 848 1251 887 neque
1275 847 1366 874 mox

63 895 172 934 senio
212 893 387 944 corporis
436 892 638 934 honestius
694 904 808 943 quam
838 904 910 943 pro
940 897 1068 931 vostra
1099 891 1221 931 salute
1249 891 1364 930 finem

66 949 165 987 vitae
194 948 365 988 fecerim.
423 948 568 987 Adsum
597 960 644 987 en
676 948 792 988 Gaius
818 948 925 987 Cotta
955 947 1106 987 consul:
1138 948 1234 986 facio
1263 946 1366 997 quod

21 1012 53 1038 15
67 1013 183 1053 saepe
212 1004 378 1043 maiores
416 1004 562 1054 asperis
589 1002 698 1042 bellis
735 1003 882 1043 secere:
934 1015 1052 1042 voveo
1084 1003 1260 1054 dedoque
1303 1013 1366 1040 me

66 1069 139 1108 pro
174 1070 217 1097 re
251 1059 419 1110 publica.
489 1058 612 1105 Quam
650 1058 788 1098 deinde
826 1060 887 1099 cui
924 1058 1113 1097 mandetis
1141 1057 1366 1107 circumspi-

67 1114 159 1153 cite:
200 1125 289 1153 nam
318 1114 434 1154 talem
459 1113 650 1154 honorem
678 1113 804 1153 bonus
833 1125 947 1154 nemo
975 1113 1096 1158 volet,
1128 1125 1215 1153 cum
1245 1113 1366 1151 fortu-

65 1179 138 1208 nae
166 1174 203 1208 et
233 1170 350 1208 maris
380 1174 418 1209 et
437 1168 528 1208 belli
557 1169 605 1208 ab
634 1169 715 1208 aliis
743 1171 817 1209 acti
845 1170 942 1208 ratio
968 1169 1169 1209 reddunda
1197 1173 1263 1208 aut
1283 1174 1366 1207 tur-

66 1225 167 1275 piter
190 1225 440 1264 moriundum
475 1226 533 1263 sit.
565 1224 731 1264 Tantum
750 1225 865 1264 modo
884 1226 921 1263 in
938 1226 1074 1264 animis
1092 1224 1273 1264 habetote
1287 1235 1364 1262 non

21 1293 54 1320 20
66 1291 128 1318 me
150 1279 199 1319 ob
220 1279 346 1319 scelus
376 1284 442 1318 aut
470 1281 668 1319 avaritiam
696 1292 863 1325 caesum,
896 1285 954 1319 set
973 1279 1165 1320 volentem
1186 1291 1258 1330 pro
1284 1291 1365 1318 ma-

66 1336 192 1374 xumis
215 1334 403 1375 benificiis
427 1336 594 1374 animam
622 1335 723 1374 dono
758 1335 919 1375 dedisse.
969 1335 1044 1375 Per
1074 1347 1152 1380 vos,
1184 1334 1363 1380 Quirites,

66 1396 105 1429 et
139 1389 302 1440 gloriam
338 1392 551 1435 maiorum,
584 1390 746 1430 tolerate
776 1391 956 1435 advorsa,
1003 1396 1040 1430 et
1077 1390 1263 1429 consulite
1307 1391 1365 1429 rei

65 1445 256 1496 publicae.
292 1446 411 1485 Multa
440 1458 532 1485 cura
560 1457 710 1485 summo
728 1446 895 1497 imperio
916 1447 1025 1490 inest,
1057 1445 1166 1484 multi
1191 1447 1365 1496 ingentes

64 1499 231 1540 labores.
289 1500 393 1547 Quos
423 1502 658 1552 nequiquam
686 1500 872 1545 abnuitis,
913 1506 950 1540 et
992 1502 1097 1552 pacis
1128 1500 1364 1551 opulentiam

19 1566 52 1592 25
66 1557 260 1607 quaeritis,
293 1567 380 1595 cum
420 1568 554 1596 omnes
586 1557 806 1607 provinciae
841 1567 962 1606 regna
1013 1557 1133 1595 maria
1159 1561 1365 1607 terraeque

67 1623 202 1664 aspera
233 1617 297 1650 aut
325 1610 424 1651 fessa
453 1611 563 1651 bellis
588 1614 674 1652 sint.

334 1734 514 1784 Epistula
546 1735 617 1773 Gn.
633 1735 793 1783 Pompei
821 1735 878 1772 ad
903 1739 1092 1773 senatum.

17 1843 52 1871 30
177 1833 218 1873 Si
235 1834 421 1874 advorsus
442 1846 509 1873 vos
539 1836 781 1885 patriamque
809 1839 847 1873 et
877 1834 969 1873 deos
996 1834 1145 1884 penatis
1172 1838 1228 1872 tot
1257 1831 1363 1871 labo·

64 1900 129 1928 res
147 1894 185 1929 et
201 1889 373 1940 pericula
399 1891 674 1940 suscepissem,
701 1890 876 1940 quotiens
901 1901 922 1927 a
950 1890 1074 1939 prima
1104 1888 1364 1928 adulescentia

66 1944 184 1984 ductu
221 1956 308 1984 meo
337 1944 610 1984 scelestissumi
630 1944 759 1983 hostes
787 1944 860 1983 fusi
877 1950 914 1983 et
934 1944 1042 1982 vobis
1061 1943 1164 1983 salus
1192 1945 1363 1995 quaesita

66 2005 135 2045 est,
153 1999 247 2038 nihil
274 1999 437 2050 amplius
454 2000 492 2038 in
522 1999 721 2040 absentem
748 2011 810 2039 me
837 1999 1062 2039 statuissetis
1093 2011 1208 2050 quam
1237 1999 1363 2038 adhuc

65 2056 195 2105 agitis,
233 2060 363 2105 patres
393 2056 620 2106 conscripti:
648 2066 762 2106 quem
792 2059 924 2093 contra
955 2058 1118 2094 aetatem
1146 2055 1363 2104 proiectum

18 2120 51 2148 ³⁵
65 2110 113 2149 ad
140 2108 286 2150 bellum
305 2111 581 2150 saevissumum
599 2123 686 2150 cum
703 2111 876 2149 exercitu
897 2115 1053 2160 optume
1070 2111 1220 2153 merito,
1241 2121 1362 2160 quan·

63 2171 148 2204 tum
178 2170 236 2204 est
264 2167 302 2204 in
334 2165 453 2208 vobis,
495 2165 607 2209 fame,
639 2167 867 2204 miserruma
901 2166 1073 2204 omnium
1103 2170 1240 2209 morte,
1270 2176 1362 2203 con-

64 2220 219 2260 fecistis.
251 2220 401 2260 Hacine
423 2232 492 2271 spe
517 2220 683 2271 populus
700 2220 898 2260 Romanus
927 2219 1071 2259 liberos
1091 2231 1182 2258 suos
1209 2219 1257 2259 ad
1281 2219 1361 2260 bel-

63 2273 145 2315 lum
172 2275 298 2315 misit?
322 2275 418 2315 haec
447 2280 536 2315 sunt
554 2277 725 2326 praemia
755 2287 827 2327 pro
849 2275 1071 2315 volneribus
1088 2280 1125 2314 et
1146 2276 1287 2314 totiens
1312 2273 1360 2313 ob

1103 2334 1160 2378 8*

1413 283 1434 315 7

1393 954 1434 988 10

1392 1116 1431 1150 ll

1393 1228 1433 1260 12

1392 1339 1432 1372 13

1392 1450 1432 1482 14

1413 1837 1429 1870 1
