1537 2512
211 122 268 148 m:
301 121 528 148 cannam:
559 121 875 148 commumoni-2
906 121 940 148 c.
970 116 1024 150 41.
1053 116 1106 150 42.
1137 117 1191 151 43.
1223 117 1277 150 44.
1339 109 1384 148 21

101 219 231 258 civitas
259 218 482 268 plurumum
511 219 705 263 utebatur,
737 231 820 258 rem
848 231 1013 263 omnem,
1039 221 1094 258 uti
1119 225 1388 269 cognoverant,

101 275 290 324 aperiunt.
339 273 472 312 Cicero
494 285 564 324 per
586 274 750 323 Sangam
772 274 929 313 consilio
951 275 1104 323 cognito
1126 273 1260 324 legatis
1279 285 1390 324 prae·
1404 283 1426 316 5

101 329 209 379 cipit,
230 334 274 367 ut
293 329 460 368 studium
482 330 753 368 coniurationis
771 329 1018 368 vehementer
1034 329 1224 373 simulent,
1243 334 1392 368 ceteros

101 384 251 427 adeant,
277 382 376 422 bene
398 383 671 434 polliceantur,
704 384 870 434 dentque
899 395 1055 434 operam
1103 385 1158 423 uti
1189 395 1254 422 eos
1277 396 1391 435 quam

71 450 279 478 zmaxume
308 439 544 478 manufestos
569 438 746 477 habeant.

212 493 365 532 Eisdem
386 493 466 532 sere
490 494 728 543 temporibus
748 495 785 532 in
807 493 925 533 Gallia
953 494 1130 532 citeriore
1151 499 1264 544 atque
1294 494 1390 533 ulte·
1405 498 1460 538 42

100 550 214 592 riore,
238 550 328 587 item
348 550 387 587 111
406 559 498 598 agro
519 549 658 587 Piceno
680 549 828 587 Bruttio
849 547 983 598 Apulia
1005 553 1132 587 motus
1154 553 1247 587 erat.
1277 549 1392 588 Nam·
1407 564 1428 595 2

101 616 175 655 que
202 603 273 648 illi,
307 615 403 655 quos
428 608 514 642 ante
537 603 691 642 Catilina
719 604 931 648 dimiserat,
963 602 1177 643 inconsulte
1206 615 1250 642 ac
1277 603 1393 643 veluti

101 670 172 709 per
202 659 433 698 dementiam
463 663 599 698 cuncta
628 658 738 697 simul
768 658 953 708 agebant:
984 660 1183 697 nocturnis
1213 659 1391 703 consiliis,

57 727 87 753 ιο
102 725 299 753 armorum
320 719 434 764 atque
453 714 618 752 telorum
639 713 936 763 portationibus‚
960 713 1190 758 festinando,
1213 713 1390 763 agitando

100 770 226 807 omnia
245 768 331 818 plus
351 770 498 807 timoris
520 781 634 819 quam
655 768 814 818 periculi
837 768 1054 808 effecerant.
1091 768 1147 807 Ex
1168 780 1213 807 eo
1230 780 1391 808 numero
1407 779 1428 811 3

101 823 297 874 conpluris
326 824 369 870 Q.
401 823 573 863 Metellus
604 824 713 863 Celer
750 829 905 873 praetor
942 837 989 863 ex
1028 829 1182 863 senatus
1218 823 1391 862 consulto

101 890 232 918 caussa
257 880 406 928 cognita
428 880 465 917 in
486 878 635 918 vincula
657 880 883 922 coniecerat,
906 880 996 918 item
1016 880 1053 918 in
1073 878 1257 918 ulteriore
1273 878 1392 918 Gallia

101 934 144 973 G.
168 933 338 978 Murena,
368 935 432 984 qui
454 935 488 973 ei
514 936 731 984 provinciae
759 935 907 983 legatus
935 939 1123 984 praeerat.

56 1002 87 1028 15
212 990 259 1028 At
288 989 433 1028 Romae
458 989 643 1028 Lentulus
667 1002 753 1028 cum
780 990 934 1033 ceteris,
963 990 1027 1040 qui
1048 990 1240 1039 principes
1261 990 1392 1028 coniu-
1406 992 1458 1032 43

100 1045 258 1084 rationis
278 1049 398 1089 erant,
428 1046 571 1094 paratis
596 1051 639 1083 ut
668 1044 892 1083 videbantur
914 1045 1061 1094 magnis
1091 1045 1221 1094 copiis,
1254 1045 1392 1083 consti-

100 1104 265 1144 tuerant,
295 1101 361 1143 uti,
395 1111 481 1139 cum
502 1099 656 1138 Catilina
667 1101 704 1138 in
714 1112 849 1150 agrum
864 1098 1163 1151 †Faesulanum
1173 1111 1260 1138 cum
1283 1111 1392 1138 exer-

68 1178 79 1188 -
102 1157 178 1195 citu
199 1155 375 1199 venisset,
398 1155 439 1194 L.
458 1155 583 1194 Bestia
605 1154 783 1193 tribunus
801 1154 926 1204 plebei
951 1155 1129 1193 contione
1149 1153 1278 1193 habita
1300 1166 1392 1205 que-

101 1215 254 1250 reretur
275 1210 322 1248 de
338 1210 552 1249 actionibus
573 1209 766 1249 Ciceronis
785 1208 951 1260 bellique
972 1210 1198 1258 gravissumi
1215 1210 1393 1248 invidiam

55 1279 89 1305 20
102 1270 260 1316 optumo
285 1265 430 1304 consuli
452 1266 671 1315 inponeret:
704 1277 748 1303 eo
778 1265 886 1314 signo
909 1276 1097 1314 proxuma
1126 1270 1238 1304 nocte
1264 1269 1392 1303 cetera

101 1319 304 1360 multitudo
329 1321 600 1359 coniurationis
629 1332 740 1358 suum
771 1321 931 1370 quisque
960 1320 1156 1369 negotium
1182 1331 1391 1370 exequere-

102 1381 177 1414 tur.
211 1375 277 1414 Sct
293 1386 336 1414 ea
351 1375 467 1414 divisa
483 1375 557 1414 hoc
571 1375 685 1414 modo
706 1375 949 1413 dicebantur:
973 1374 1141 1414 Statilius
1157 1379 1194 1414 et
1209 1374 1392 1413 Gabinius
1406 1383 1426 1414 2

102 1432 157 1469 uti
186 1442 273 1469 cum
301 1441 437 1480 magna
469 1442 585 1469 manu
616 1428 940 1468 duodecimsimul
956 1434 1178 1479 opportuna
1193 1428 1394 1468 locaurbis

103 1485 372 1529 incenderent,
401 1497 476 1536 quo
506 1484 671 1524 tumultu
702 1484 847 1523 facilior
877 1485 1000 1524 aditus
1029 1484 1075 1523 ad
1106 1484 1303 1523 consulem
1332 1497 1392 1523 ce-

58 1555 90 1581 25
102 1545 284 1590 terosque
316 1540 454 1590 quibus
475 1540 631 1578 insidiae
653 1539 888 1589 parabantur
911 1540 1042 1578 fieret:
1075 1539 1264 1589 Cethegus
1288 1539 1392 1578 Cice-

102 1596 208 1633 ronis
224 1596 377 1633 ianuam
400 1595 593 1634 obsideret
609 1607 773 1645 eumque
795 1596 829 1632 vi
844 1595 1134 1644 adgrederetur,
1157 1593 1251 1633 alius
1266 1600 1393 1633 autem

103 1650 236 1700 alium,
266 1655 323 1688 set
345 1650 409 1688 filii
437 1650 683 1693 familiarum,
713 1661 876 1699 quorum
910 1663 955 1688 ex
988 1649 1184 1688 nobilitate
1214 1661 1392 1688 maxuma

103 1717 193 1755 pars
221 1710 322 1749 erat,
354 1706 522 1755 parentis
551 1705 829 1743 interficerent:
861 1704 972 1743 51111111
1003 1705 1117 1744 caede
1150 1709 1187 1743 et
1215 1704 1391 1743 incendio

103 1759 289 1810 perculsis
309 1759 486 1798 omnibus
507 1760 554 1799 ad
575 1759 769 1798 Catilinam
791 1764 1048 1810 erumperent.
1086 1760 1189 1798 Inter
1209 1759 1304 1797 haec
1324 1770 1390 1809 pa·
1404 1765 1425 1799 3

58 1819 184 1858 aorata
213 1819 325 1865 atque
355 1815 508 1853 decreta
533 1815 723 1864 Cethegus
743 1826 896 1864 semper
918 1814 1152 1864 querebatur
1175 1813 1222 1852 de
1245 1815 1393 1863 ignavia

104 1870 318 1908 sociorum:
348 1869 433 1908 illos
461 1870 669 1908 dubitando
681 1877 718 1909 et
733 1870 814 1908 dies
832 1869 1060 1920 prolatando
1076 1880 1236 1919 magnas
1253 1880 1393 1920 oppor-

104 1925 283 1963 tunitates
309 1936 585 1974 conrumpere:
616 1924 735 1967 sacto,
767 1935 843 1961 non
873 1923 1044 1962 consulto
1063 1924 1102 1962 in
1131 1923 1195 1962 tali
1221 1922 1393 1974 periculo

105 1990 202 2029 opus
223 1990 318 2023 esse,
341 1990 470 2029 seque,
496 1981 526 2018 si
545 1981 658 2029 pauci
677 1978 910 2022 adiuvarent,
933 1977 1202 2028 languentibus
1222 1978 1314 2022 aliis,
1336 1979 1393 2016 in-

104 2039 235 2085 petum
257 2035 294 2072 in
317 2034 462 2072 curiam
484 2033 687 2073 facturum.
725 2033 867 2072 Natura
889 2033 997 2072 ferox
1037 2033 1242 2072 vehemens
1278 2045 1392 2072 manu
1407 2047 1428 2076 4

59 2095 305 2139 „promptus
335 2094 437 2140 erat,
467 2100 688 2128 maxumum
715 2088 859 2127 bonum
888 2089 925 2127 in
955 2088 1147 2127 celeritate
1176 2088 1345 2138 putabat.

216 2143 282 2182 Set
310 2143 536 2193 Allobroges
566 2155 612 2183 ex
640 2149 843 2194 praecepto
874 2143 1068 2182 Ciceronis
1091 2155 1161 2193 per
1190 2142 1392 2182 Gabinium
1406 2147 1456 2184 44

106 2204 255 2238 ceteros
275 2199 526 2238 conveniunt:
549 2199 596 2237 ab
612 2198 773 2237 Lentulo
790 2198 957 2248 Cethego
974 2198 1130 2241 Statilio,
1154 2199 1242 2237 item
1265 2197 1392 2236 Cassio

104 2253 297 2305 postulant
316 2255 374 2292 ius
396 2254 620 2297 iurandum,
652 2253 753 2304 quod
782 2254 970 2303 signatum
993 2254 1039 2291 ad
1067 2255 1156 2291 civis
1173 2252 1390 2303 perferant:
