1537 2512
326 107 382 135 nn
411 108 546 135 necno
577 107 841 135 wovnrnmo
873 107 907 134 c.
939 101 970 137 7.
997 101 1029 136 8.
1060 103 1091 137 9.
1298 97 1347 135 41

55 206 159 250 silio,
190 217 354 257 quorum
371 205 534 245 alterum
553 218 599 245 ex
627 205 863 256 providentia
881 206 1080 249 timorem,
1112 204 1279 244 alterum
1304 217 1350 244 ex

56 262 213 301 audacia
238 262 491 300 temeritatem
522 260 675 300 adferre
696 260 925 312 plerumque
945 260 1051 299 solet.
1092 260 1214 310 Igitur
1233 261 1386 312 impe-6

55 322 162 356 rator
186 318 309 355 omnis
331 315 412 355 sere
432 327 496 355 res
515 328 673 366 asperas
694 327 764 366 per
792 316 1017 366 Iugurtham
1044 327 1170 365 agere,
1199 316 1238 353 in
1259 316 1352 353 ami-

57 374 111 411 cis
139 371 305 416 habere,
337 372 459 420 magis
478 373 676 422 magisque
699 384 787 410 eum
817 372 855 410 in
886 371 966 410 dies
989 370 1178 421 amplecti,
1212 371 1353 420 quippe

30 428 167 466 ecuius
185 438 313 478 neque
344 426 545 466 consilium
564 438 690 477 neque
719 428 914 477 inceptum
943 426 1066 465 ullum
1088 427 1230 464 frustra
1257 431 1351 464 erat.

55 482 141 522 Huc
165 482 376 522 adcedebat
402 483 660 521 munificentia
681 483 796 520 animi
828 487 865 521 et
892 482 1022 531 ingeni
1046 480 1237 524 sollertia,
1268 482 1353 531 quis
1368 492 1387 522 7

56 537 175 577 rebus
190 537 262 577 sibi
278 537 417 577 multos
435 549 481 577 ex
500 537 682 577 Romanis
703 537 879 576 familiari
904 537 1066 575 amicitia
1089 536 1352 574 coniunxerat.

56 593 111 632 Ea
140 597 366 643 tempestate
394 594 433 631 in
462 593 633 632 exercitu
657 597 790 631 nostro
823 592 932 631 suere
959 591 1165 642 conplures
1190 591 1279 629 novi
1299 596 1353 629 at·
1371 594 1394 634 8

58 660 133 700 que
148 648 309 693 nobiles,
334 648 473 699 quibus
490 648 640 686 divitiae
661 647 764 686 bono
781 647 1022 698 honestoque
1039 647 1209 696 potiores
1231 651 1353 690 erant,

12 713 45 740 ιο
59 704 206 742 factiosi
234 704 348 748 domi,
379 708 554 754 potentes
577 703 679 753 apud
704 704 840 746 socios,
873 702 966 740 clari
995 703 1116 751 magis
1142 712 1258 751 quam
1286 701 1356 738 ho-

55 759 175 803 nesti,
205 760 271 810 qui
299 759 507 808 Iugurthae
534 770 613 796 non
648 758 885 797 mediocrem
915 758 1085 795 animum
1112 755 1356 806 pollicitando

58 813 334 858 adcendebant,
355 815 386 853 si
402 813 558 864 Micipsa
573 826 643 852 rex
664 813 876 857 occidisset,
902 812 985 851 fore
1006 813 1061 850 uti
1082 810 1186 849 solus
1219 810 1361 862 imperi

58 869 258 909 Numidiae
287 871 496 920 potiretur:
534 870 572 907 in
609 870 691 919 ipso
721 879 941 907 maxumam
976 868 1177 910 virtutem,
1211 866 1358 904 Romae

59 927 185 965 omnia
198 925 367 965 vaenalia
383 936 478 964 esse.
507 924 573 963 Set
588 928 790 975 postquam
807 923 1011 962 Numantia
1031 921 1155 961 deleta
1170 921 1212 960 P.
1231 921 1358 971 Scipio
1374 929 1395 960 2

13 991 45 1017 15
59 980 250 1020 dimittere
275 979 412 1019 auxilia
435 984 473 1019 et
493 981 574 1031 ipse
597 980 739 1018 revorti
769 979 925 1017 domum
954 978 1142 1021 decrevit,
1174 977 1360 1015 donatum

59 1041 173 1087 atque
193 1035 389 1075 laudatum
418 1035 620 1084 magnifice
640 1047 711 1085 pro
732 1035 909 1072 contione
932 1032 1159 1082 Iugurtham
1179 1033 1218 1070 in
1247 1043 1359 1082 prae-

58 1093 202 1131 torium
233 1091 390 1130 abduxit
419 1090 548 1141 ibique
579 1095 728 1129 secreto
763 1090 931 1133 monuit,
973 1093 1015 1127 ut
1051 1088 1177 1137 potius
1206 1086 1360 1138 publice

61 1159 177 1197 quam
207 1147 383 1197 privatim
405 1147 609 1185 amicitiam
629 1144 761 1195 populi
789 1144 953 1183 Romani
975 1143 1136 1186 coleret,
1168 1153 1245 1181 neu
1277 1144 1359 1192 qui-

60 1202 134 1242 bus
153 1202 286 1252 largiri
307 1203 562 1241 insuesceret:
593 1200 808 1251 periculose
829 1212 849 1238 a
876 1200 1009 1249 paucis
1033 1199 1107 1237 emi
1132 1197 1234 1248 quod
1261 1197 1359 1236 mul-

14 1263 189 1297 morum
215 1263 334 1297 esset:
366 1258 396 1296 si
425 1265 655 1307 permanere
684 1255 797 1294 vellet
820 1256 859 1293 in
879 1255 956 1293 suis
980 1253 1146 1297 artibus,
1175 1252 1278 1291 ultro
1307 1252 1360 1290 illi

62 1320 100 1353 et
118 1314 280 1364 gloriam
301 1318 338 1352 et
360 1324 526 1362 regnum
544 1316 761 1354 venturum,
788 1311 846 1348 sin
868 1310 1142 1360 properantius
1163 1314 1357 1358 pergeret,

61 1374 212 1408 suamet
239 1369 364 1419 ipsum
393 1368 555 1418 pecunia
585 1367 836 1417 praecipitem
868 1376 1061 1404 casurum.
1119 1363 1182 1402 Sic
1211 1362 1407 1402 locutus9

64 1436 152 1464 cum
176 1424 311 1463 litteris
336 1435 435 1467 eum,
467 1434 561 1473 quas
580 1422 759 1471 Micipsae
786 1420 979 1464 redderet,
1008 1419 1163 1458 dimisit.
1218 1417 1362 1456 Earum

63 1481 250 1519 sententia
280 1479 377 1517 haec
402 1483 502 1517 erat:
536 1477 755 1527 ‘Iugurthae
783 1476 837 1514 tui
866 1474 966 1513 bello
992 1473 1224 1513 Numantino
1249 1472 1398 1522 longe2

18 1547 243 1574 asmaxuma
268 1535 389 1573 virtus
417 1533 497 1573 suit.
521 1544 636 1583 quam
660 1544 744 1570 rem
770 1530 838 1568 tibi
866 1534 972 1568 certo
993 1530 1072 1567 scio
1096 1528 1235 1578 gaudio
1262 1539 1359 1567 esse.

64 1590 185 1630 Nobis
206 1589 254 1628 ob
276 1590 411 1628 merita
432 1600 500 1627 sua
530 1598 642 1626 carus
673 1592 746 1625 est:
779 1591 820 1624 ut
845 1585 946 1623 idem
973 1583 1124 1624 senatui
1149 1588 1188 1621 et
1215 1583 1360 1633 populo

65 1645 239 1685 Romano
268 1646 336 1689 sit,
364 1655 514 1682 summa
536 1654 609 1693 ope
630 1643 809 1680 nitemur.
854 1639 939 1678 Tibi
957 1639 1111 1690 quidem
1140 1651 1211 1688 pro
1232 1643 1362 1676 nostra

67 1701 228 1740 amicitia
249 1699 434 1750 gratulor.
454 1693 672 1750 [En]habes
691 1698 814 1735 virum
831 1696 988 1745 dignum
1010 1699 1047 1732 te
1069 1699 1183 1745 atque
1204 1705 1273 1732 avo
1293 1705 1364 1732 suo

65 1754 288 1796 Masinissa!
343 1754 462 1804 Igitur
493 1765 580 1798 rex,
613 1752 679 1791 ubi
711 1764 775 1795 ea,
807 1762 906 1802 quae
936 1750 1035 1788 sama
1062 1753 1285 1798 acceperat,
1318 1755 1400 1788 ex3

21 1811 202 1851 solitteris
214 1811 461 1862 imperatorIS
476 1811 529 1848 ita
547 1822 631 1848 esse
649 1809 840 1859 coguovit,
867 1817 954 1844 cum
975 1806 1115 1843 virtute
1143 1809 1225 1842 tum
1245 1804 1366 1852 gratia

69 1867 140 1905 viri
167 1870 367 1916 permotus
394 1863 498 1903 ssexit
527 1864 696 1902 animum
727 1873 839 1899 suum
869 1866 906 1899 et
927 1858 1154 1908 Iugurtham
1182 1858 1367 1897 benificiis

69 1923 223 1960 vincere
253 1921 458 1970 adgressus
487 1924 544 1957 est
572 1919 774 1967 statimque
806 1927 893 1954 eum
932 1914 1141 1964 adoptavit,
1178 1920 1216 1952 et
1252 1917 1366 1952 testa-

70 1981 200 2016 mento
230 1977 375 2026 pariter
402 1986 489 2013 cum
516 1973 600 2012 filiis
626 1972 810 2011 heredem
842 1971 1012 2009 instituit.

183 2032 250 2070 Set
269 2032 350 2081 ipse
371 2040 515 2081 paucos
538 2033 624 2080 post
649 2038 770 2066 annos
794 2025 932 2064 morbo
957 2030 1071 2076 atque
1092 2028 1215 2062 aetate
1238 2023 1403 2062 conse-4

26 2101 58 2128 ³⁵
73 2097 157 2126 ctus
180 2099 268 2126 cum
289 2085 360 2124 sibi
381 2085 495 2123 tinem
518 2085 615 2122 vitae
642 2083 775 2122 adesse
803 2080 1052 2130 intellegeret,
1082 2090 1213 2118 coram
1238 2079 1369 2117 amicis

73 2148 112 2181 et
138 2142 310 2192 cognatis
338 2142 507 2190 itemque
540 2137 757 2177 Adherbale
795 2142 832 2175 et
862 2135 1079 2185 Hiempsale
1117 2134 1201 2172 filiis
1231 2134 1370 2172 dicitur

73 2197 233 2236 huiusce
260 2196 364 2235 modi
386 2195 501 2234 verba
527 2206 614 2233 cum
635 2192 821 2242 Iugurtha
844 2191 1044 2230 habuisse:

187 2252 361 2291 ‘Parvom
379 2261 461 2300 ego,
493 2248 689 2299 Iugurtha,
720 2253 768 2291 te,
801 2248 939 2285 amisso
961 2250 1070 2295 patre
1091 2246 1172 2284 sine
1201 2256 1269 2295 spe
1290 2245 1371 2282 sine
1390 2241 1437 2281 10
