1512 2512
90 100 135 128 XV
626 101 859 129 PRAEFATIO
864 119 872 128 .

93 177 231 209 alterius
256 175 311 216 (C)
329 177 363 209 in
381 183 517 211 actores
532 177 754 217 consentiant,
779 187 847 210 non
863 177 946 210 nulli
962 184 1090 210 tantum
1107 188 1150 211 ex
1174 178 1238 211 hoc
1253 184 1411 213 auctores

93 222 295 263 praebeant,
322 231 380 254 cnr
404 222 456 255 his
482 233 582 263 quam
607 222 673 254 illis
697 223 807 264 magis
834 222 1087 263 obsequendum
1105 224 1149 255 sit
1164 224 1345 266 perspicio.
1362 241 1406 248 —

93 268 126 303 3,
145 266 176 298 5.
203 265 301 303 Quod
325 267 359 298 in
383 267 408 298 P
433 278 529 310 quae,
567 277 634 299 non
659 277 724 309 qua
749 273 809 305 est,
846 267 881 298 id
905 268 1018 309 ipsum
1042 276 1096 299 me
1118 269 1234 306 movit,
1266 275 1303 300 ut
1326 268 1408 301 Ger-

92 309 193 341 lachii
227 311 495 344 emendationem
525 311 733 344 retinendam
772 317 937 353 putarem.
990 309 1059 342 Nec
1089 311 1210 344 desunt
1240 313 1406 356 exempla,

93 364 180 394 quae
203 355 238 386 in
262 355 445 398 archetypo
471 365 598 388 morem
624 356 716 387 illum
741 355 923 393 scribundi,
953 365 1020 395 quo
1046 356 1181 388 eaedem
1205 356 1333 389 litterae
1356 358 1408 390 bis

92 399 272 441 ponendae
295 400 398 432 semel
424 401 572 442 scriptae
597 406 792 433 notarentur
821 399 936 442 siglis,
969 399 1183 432 observatum
1214 400 1322 434 fuisse
1350 402 1409 434 de-

92 447 291 476 monstrent.
309 462 352 468 —
377 447 409 483 6,
428 447 459 478 2.
485 444 528 477 Ut
544 445 645 477 verba
668 446 717 477 ita
733 444 825 476 brevi
839 445 1012 477 multitudo
1029 445 1186 486 dispersa
1206 450 1307 488 atque
1322 457 1410 490 vaga

93 489 276 521 concordia
299 491 416 522 civitas
436 490 534 531 facta
557 494 632 522 erat
656 489 721 521 hoc
744 490 820 530 ipso
845 489 918 521 loco
946 489 1128 521 inserunda
1151 499 1335 534 censerem,
1367 501 1410 524 ne

94 533 142 563 eis
158 532 305 573 quidem,
331 543 419 574 quae
434 535 458 566 1.
490 534 600 566 Herm.
620 535 634 565 I
650 535 670 566 2
695 544 729 575 p.
743 535 807 566 245
821 543 894 574 sqq.
913 533 1111 576 disputavit,
1138 534 1304 567 adductus
1321 545 1409 569 sum.

93 575 168 608 Non
193 577 327 610 invideo
359 579 388 610 si
420 579 496 618 quis
523 577 661 610 Sallusti
695 587 733 609 ea
763 588 840 610 esse
870 577 1069 610 contendere
1093 578 1232 618 audeat,
1269 586 1302 612 at
1332 589 1408 612 cum

94 621 306 663 Augustinus
332 632 371 654 ea
395 623 438 654 ad
461 622 689 655 inlustrandas
715 623 898 654 sententias
925 621 1062 654 Sallusti
1085 621 1139 664 (G.
1158 624 1190 661 9,
1208 623 1242 664 3)
1269 630 1301 656 et
1317 623 1409 657 Cice-

93 666 187 697 ronis
213 666 415 708 adhibuerit,
448 668 482 699 in
506 674 668 710 promptu
693 673 744 699 est
767 666 934 709 suspicari
959 676 997 699 ea
1021 667 1062 698 ab
1086 667 1222 700 homine
1252 668 1350 701 docto
1375 669 1410 701 in

93 709 295 743 lectitatione
318 711 504 755 Augustini
527 712 612 744 bene
635 716 772 743 vorsato
803 711 838 743 in
867 712 1020 754 margine
1044 712 1246 754 exemplaris
1271 713 1324 745 sni
1348 713 1410 746 ad-

95 755 235 797 scripta,
262 756 297 787 in
321 762 449 788 textum
474 765 660 798 paucorum
684 756 845 788 librorum
869 756 971 788 inlata
989 766 1075 788 esse.
1113 754 1172 788 Set
1188 757 1270 797 quid
1294 758 1409 800 suspi-

93 799 188 831 cione
211 799 394 833 advorsum
419 801 651 843 suspicionem
675 810 829 843 pugnare
853 801 968 832 iuvat?
1013 799 1236 833 Concederem
1262 801 1406 842 facilius,

94 845 122 876 si
142 842 281 876 Sallusti
307 845 450 877 orationi
475 845 602 886 aliquid
627 846 746 877 deesse
770 845 908 887 planum
932 845 1058 877 factum
1076 852 1174 878 esset.
1208 847 1250 878 At
1267 856 1309 878 ex
1325 847 1409 879 Tro-

93 888 182 920 ianis
210 895 241 920 et
265 889 509 932 Aboriginibus
534 900 638 921 unum
663 889 839 932 populum,
872 899 952 931 ergo
985 890 1153 922 civitatem
1178 889 1300 922 factam
1333 901 1409 924 esse

93 942 206 964 nonne
229 935 441 976 praegressis
467 935 548 966 satis
575 944 774 977 expressum
793 935 864 966 est?
903 934 1000 972 Quod
1024 935 1054 967 si
1079 934 1162 967 tales
1187 935 1266 976 loci,
1291 935 1408 976 quales

93 983 172 1009 sunt
196 977 232 1010 G.
249 979 280 1019 7,
299 980 330 1011 3.
365 979 390 1010 Ι.
408 981 463 1017 40,
482 981 514 1019 3,
541 980 575 1010 in
605 979 882 1021 conparationem
906 985 1084 1018 vocantur,
1120 978 1247 1012 scilicet
1277 979 1330 1012 hic
1359 987 1410 1012 est

93 1023 330 1064 pronominum
355 1023 697 1055 demonstrativorum
723 1033 817 1062 usus,
849 1029 886 1055 ut
911 1034 951 1055 ex
978 1025 1188 1066 praegressis
1221 1025 1408 1057 membrum

93 1067 345 1099 consecutivum
369 1075 481 1099 mente
505 1074 663 1099 teneatur.
714 1067 801 1105 Quid
825 1075 936 1099 autem
965 1068 1030 1100 hoc
1054 1075 1121 1100 est:
1159 1076 1196 1100 ut
1219 1075 1287 1100 tam
1311 1069 1409 1102 facile

93 1111 331 1154 coalescerent,
358 1123 396 1144 eo
415 1112 568 1144 effectum
594 1119 655 1151 est,
682 1113 773 1152 qnod
797 1112 949 1144 brevi-
966 1122 1026 1154 per
1050 1113 1264 1145 concordiam
1290 1114 1408 1147 civitas

93 1155 184 1188 facta
207 1157 299 1188 erat?
325 1173 369 1179 -—
399 1158 429 1195 8,
448 1159 479 1189 2.
510 1156 619 1189 Semel
644 1166 777 1196 moneo,
804 1163 840 1189 ut
863 1158 895 1188 in
923 1157 1165 1200 orthographia
1188 1158 1313 1199 ubique
1337 1158 1410 1192 Ior-

92 1201 172 1232 dani
196 1201 341 1244 vestigia
365 1211 562 1243 premerem,
588 1211 627 1234 eo
652 1202 763 1233 minus
789 1211 842 1233 mc
866 1208 992 1233 motum
1011 1212 1097 1240 esse,
1124 1203 1215 1242 quod
1232 1202 1326 1235 illum
1343 1203 1409 1236 sibi

92 1254 158 1276 non
176 1247 369 1278 constitisse
388 1246 544 1278 viderem.
572 1245 628 1277 Sic
644 1247 835 1287 magnificus
854 1247 950 1278 initio
976 1253 1168 1279 constanter
1192 1248 1340 1290 scripsit,
1366 1249 1408 1280 ab

92 1300 126 1332 p.
145 1291 188 1322 30
212 1290 335 1330 ubique
359 1292 570 1332 magnificus,
603 1298 634 1322 et
664 1300 738 1322 cum
763 1292 796 1322 in
821 1300 982 1322 maxuma
1012 1292 1169 1323 editionis
1201 1299 1297 1333 parte
1321 1293 1408 1325 anti-

93 1343 177 1374 quas
203 1334 328 1366 formas
353 1336 467 1376 plebes
492 1342 524 1367 et
546 1335 658 1377 plebei
681 1335 882 1377 expulisset,
907 1336 949 1367 ad
974 1345 1030 1367 eas
1048 1345 1219 1377 postremo
1237 1337 1344 1369 rediit.
1364 1355 1407 1361 —

94 1379 147 1417 11,
166 1380 197 1413 7.
224 1378 433 1420 Quamquam
459 1390 560 1420 quam
585 1390 686 1422 saepe
712 1390 730 1411 e
753 1386 785 1412 ct
805 1381 834 1421 i,
860 1381 893 1411 in
918 1381 1211 1413 terminationibus
1236 1391 1407 1424 maxume,

93 1422 235 1455 confusa
260 1425 338 1462 sint,
364 1424 428 1456 dici
455 1425 512 1455 vix
536 1431 658 1467 potest,
686 1434 826 1465 eamque
852 1424 893 1455 ob
918 1434 1056 1456 causam
1082 1428 1302 1467 temperarint
1325 1427 1408 1458 scri-

91 1469 171 1499 bere
195 1479 238 1500 ne
268 1479 329 1511 pro
362 1469 594 1501 emendatione
626 1469 761 1509 quidem
793 1469 1000 1508 habendum,
1037 1476 1147 1502 tamen
1179 1480 1219 1502 ne
1244 1469 1407 1503 Sallustio

92 1523 185 1545 meas
213 1514 390 1555 opiniones
418 1513 594 1546 obtrudere
619 1513 759 1551 viderer,
786 1518 1013 1556 temper-arent
1033 1524 1121 1546 nnnc
1138 1515 1271 1553 retinui,
1298 1522 1349 1547 set
1372 1523 1408 1547 ut

92 1564 180 1589 recte
205 1559 292 1590 coni.
318 1558 401 1600 inpf.
427 1558 664 1600 explicaretur,
690 1558 874 1590 membrum
903 1569 922 1590 a
948 1568 1151 1600 prae-*tesso
1176 1560 1332 1601 graviore
1356 1561 1408 1592 in-

93 1603 221 1634 cisione
246 1603 472 1644 seperandum
498 1604 626 1645 putavi.
657 1621 701 1626 —
733 1604 785 1641 13,
806 1604 835 1634 1.
860 1607 1035 1635 constrata
1085 1608 1278 1644 contracta,
1315 1604 1408 1645 quod

93 1647 171 1686 quia
195 1648 304 1689 magis
329 1648 500 1690 poeticum
531 1655 582 1680 cst
611 1648 722 1679 reieci.
784 1646 839 1678 Set
865 1647 951 1678 infra
977 1648 1031 1684 28.
1052 1649 1090 1679 11
1117 1649 1299 1680 etiamnum
1323 1648 1408 1681 Gro-

93 1692 184 1723 novii
210 1692 476 1724 emendationem
502 1693 715 1725 extrudendo
740 1693 858 1734 probo.
886 1709 926 1714 -
955 1694 1007 1730 14,
1023 1693 1051 1723 1.
1079 1697 1241 1735 tamquam
1265 1695 1407 1735 stipato-

92 1734 176 1777 rum]
206 1736 367 1769 Binsi'cld.
394 1737 480 1769 Mus.
508 1737 612 1768 Rhen.
640 1736 721 1768 XXI
738 1739 758 1769 3
784 1747 818 1779 p.
835 1738 901 1769 485
918 1747 968 1776 sq.
995 1741 1158 1778 tamquam
1181 1739 1406 1779 stipationem.

92 1797 136 1803 —
162 1781 213 1818 14,
233 1783 263 1814 5.
288 1786 400 1814 aetate
425 1791 467 1813 ex
492 1791 590 1813 versu
616 1781 769 1821 sequenti
800 1782 940 1823 petitum
972 1790 1047 1813 esse
1073 1782 1216 1814 lordano
1247 1782 1406 1815 concedo.

93 1843 133 1848 —
162 1827 214 1863 15,
232 1827 263 1858 3.
286 1827 452 1867 facinoris
476 1824 679 1868 maturandi]
705 1826 839 1866 facinus
863 1827 1055 1858 maturandi
1079 1827 1099 1857 l.
1127 1836 1168 1857 ex
1193 1837 1225 1868 p.
1251 1825 1407 1868 Setvcum

92 1871 200 1911 prima
219 1880 338 1903 manus
355 1872 389 1902 in
403 1870 427 1902 P
442 1872 575 1912 facinus
592 1871 801 1902 matur-mdo
825 1870 993 1907 exhibeat,
1022 1878 1130 1902 utrum
1156 1871 1226 1902 veri
1250 1871 1406 1911 similius,

93 1915 235 1946 scribam
261 1925 347 1955 quae
373 1917 405 1947 iu
430 1915 612 1957 archetypo
644 1926 705 1946 sno
738 1922 863 1952 essent,
897 1922 984 1946 recte
1015 1915 1125 1957 legere
1155 1925 1220 1946 non
1253 1917 1407 1958 potuisse

92 1970 233 1999 eamque
259 1960 300 1991 ob
325 1970 461 1992 causam
488 1961 521 1991 in
546 1970 612 1991 uno
638 1960 750 1991 codice
775 1966 920 1991 erratum
946 1969 1031 1997 esse,
1066 1970 1108 1991 nn
1135 1969 1251 1991 omnes
1276 1966 1406 1993 ceteros

92 2013 132 2035 cx
159 2004 317 2035 audacter
341 2011 494 2036 conrecto
514 2005 696 2047 exemplari
716 2005 880 2035 fluxisse?
900 2021 942 2026 —
969 2005 1021 2045 18,
1036 2005 1064 2036 1.
1091 2004 1153 2041 Qui
1173 2005 1214 2036 ob
1233 2003 1405 2037 Diomedis

93 2048 191 2079 fidem
217 2056 333 2080 contra
358 2060 472 2081 omnes
499 2049 600 2080 libros
626 2051 660 2081 in
687 2050 758 2091 quis
783 2049 918 2083 scribat.
945 2058 1056 2080 nonne
1081 2050 1181 2080 etium
1207 2048 1406 2083 brevissime

93 2093 133 2123 ub
152 2093 269 2124 eodem
287 2094 443 2125 traditum
465 2104 526 2135 pro
544 2096 721 2126 verissume
739 2094 887 2135 recipere
901 2093 1055 2124 debebit?
1072 2110 1112 2116 -
1133 2094 1221 2131 18,3.
1235 2092 1283 2125 De
1295 2094 1406 2126 verbis

91 2138 237 2179 quod—
250 2140 435 2180 nequiverit
452 2139 601 2180 suspicio
621 2149 694 2170 men
712 2138 791 2169 milii
811 2138 958 2169 nondum
984 2137 1151 2179 adempta.
1190 2137 1314 2170 Romae
1338 2139 1407 2170 iam

93 2182 125 2212 in
141 2182 289 2215 ed.1864
308 2184 499 2215 reieceram.
520 2201 561 2206 —
588 2184 640 2221 18,
650 2184 682 2214 6.
708 2182 881 2215 Lacunam
907 2192 982 2214 esse
1006 2182 1187 2215 etiamnum
1212 2191 1345 2215 censeo.
1362 2199 1406 2207 -

94 2227 147 2266 19,
163 2228 194 2259 ὅ.
209 2232 286 2259 ante
304 2229 336 2259 in
356 2228 511 2259 omnibns
526 2227 618 2259 libris
644 2237 705 2269 pro
723 2232 823 2259 antea
840 2227 1003 2269 scriptum
1020 2237 1106 2264 esse,
1132 2227 1244 2258 silenti
1261 2226 1405 2260 lordono

91 2271 225 2302 credam
234 2273 249 2302 ‘t
259 2289 301 2295 -—
310 2273 399 2313 2037.
408 2273 515 2305 ceteri
521 2273 778 2313 omnes,str·cnui
790 2272 875 2307 boni,
892 2271 1016 2304 nobiles
1029 2276 1128 2314 atque
1141 2269 1318 2315 iynobiles]
1330 2271 1354 2303 1.
1363 2281 1408 2304 ex

1490 0 1512 204 ‚Ax-*dnm

1495 1121 1512 1304 Qud--.a
1503 886 1512 1106 ——=.u.-...-*-..=
1504 840 1512 873 „-
1506 779 1512 794 ..
1507 750 1512 756 .
1505 719 1512 729 μ
1507 697 1512 703 .
1510 675 1512 678 Α
