1537 2512
422 83 474 109 nx
504 82 721 110 ffls'roans
751 82 1010 110 Excnarran.
1305 74 1380 114 109

82 181 399 232 pravissumeque
430 191 500 230 per
531 179 688 218 sceleris
722 181 984 220 inmanitatem
1017 181 1144 221 adhuc
1170 186 1274 222 tutus
1298 183 1379 227 suit,

83 236 175 274 dum
205 247 272 275 vos
299 241 403 275 metu
430 235 614 285 gravioris
644 236 773 275 serviti
800 248 820 275 a
854 237 1067 287 repetunda
1097 235 1273 277 libertate
1303 243 1380 278 ter-

82 303 233 330 renum.

192 346 396 396 Agundum
418 350 532 396 atque
552 345 702 385 obviam
720 347 888 386 eundum
909 352 976 390 est,
996 347 1173 393 Quirites,
1196 359 1245 386 ne
1260 348 1379 398 spolia
1428 355 1446 387 7

47 415 63 441 ⁵
81 407 208 440 vostra
234 413 354 451 penes
385 400 469 439 illos
497 401 591 439 sint:
629 413 706 440 non
737 401 1008 452 prolatandum
1038 414 1165 453 neque
1191 404 1286 441 votis
1315 415 1379 453 pa-

80 456 201 496 randa
219 456 374 496 auxilia:
407 457 478 495 nisi
499 455 599 496 forte
619 459 782 507 speratis
810 458 978 498 taedium
1007 459 1080 497 iam
1109 463 1173 497 aut
1191 458 1379 508 pudorem

79 512 291 564 tyrannidis
312 511 439 551 Sullae
468 523 550 551 esse
582 517 617 551 et
648 525 735 552 eum
767 524 836 563 per
863 513 988 553 scelus
1019 518 1206 563 occupata
1227 515 1378 563 pericu-

79 567 198 606 losius
227 568 486 606 dimissurum.
512 567 559 606 At
588 567 651 606 ille
685 581 729 607 eo
759 570 966 618 processit,
998 573 1039 607 ut
1056 568 1149 607 mtul
1168 568 1378 619 gloriosum
1427 576 1448 609 8

80 624 153 661 nisi
183 628 307 662 tutum
340 628 376 662 et
406 624 532 661 omnia
563 623 785 663 retinendae
825 624 1093 663 dominationis
1122 623 1282 663 honesta
1313 637 1378 663 ex-

36 679 246 718 toistumet.
301 678 433 730 Itaque
471 677 533 717 illa
571 680 679 729 quies
710 684 747 718 et
779 680 896 718 otium
925 691 1012 718 cum
1044 679 1241 723 libertate,
1281 692 1378 730 qnae
1425 688 1446 721 9

79 733 188 773 multi
221 734 334 784 probi
364 735 490 784 potius
521 745 635 784 quam
666 734 840 774 laborem
875 746 963 774 cum
999 734 1215 774 honoribus
1246 746 1378 784 capes-

79 789 238 833 sebant,
278 789 381 829 nulla
412 794 519 829 sunt:
560 789 633 827 hac
669 795 895 840 tempestate
933 790 1183 829 serviundum
1225 796 1290 829 aut
1312 791 1380 830 im-
1407 799 1446 831 10

77 844 344 895 perstandum,
376 844 577 884 habendus
604 850 729 883 metus
760 851 817 884 est
846 850 911 884 aut
940 845 1162 889 faciundus‚
1197 844 1374 890 Quirites.

77 899 175 939 Nam
205 900 295 951 quid
327 899 456 940 ultra?
496 912 641 950 quaeve
671 900 838 939 humana
869 905 1054 951 superant
1083 905 1148 940 aut
1176 901 1300 940 divina
1321 902 1376 939 in-
1407 911 1443 943 11

33 966 65 994 ιε
77 955 221 1007 polluta
253 956 366 995 sunt?
410 955 582 1005 Populus
610 955 818 1001 Romanus,
849 956 963 1006 paulo
986 961 1073 996 ante
1094 957 1266 1005 gentium
1296 968 1377 994 mo-

77 1011 246 1056 derator,
277 1016 413 1051 exutus
431 1012 598 1062 imperio
618 1011 738 1061 gloria
770 1013 872 1056 iure,
905 1011 1072 1061 agitandi
1101 1012 1212 1062 inops
1242 1012 1377 1062 despe-

77 1071 239 1118 ctusque
268 1079 317 1106 ne
344 1066 492 1106 servilia
524 1067 679 1117 quidem
710 1066 888 1106 alimenta
915 1066 1059 1106 relicua
1084 1066 1212 1106 habet.
1246 1067 1377 1106 Socio-
1405 1071 1444 1103 12

75 1134 164 1161 rum
204 1127 242 1161 et
270 1122 353 1161 Lati
393 1133 530 1172 magna
570 1123 624 1161 vis
666 1123 814 1161 civitate
860 1135 930 1173 pro
973 1122 1101 1161 mult1s
1139 1128 1175 1161 et
1213 1123 1378 1173 egregiis

77 1178 188 1217 sactis
214 1190 234 1216 a
266 1177 374 1216 vobis
404 1178 488 1216 data
519 1189 589 1227 per
620 1189 740 1216 unum
771 1177 1049 1228 prohibentur,
1093 1183 1127 1216 et
1159 1177 1284 1228 plebei
1319 1178 1376 1216 in-

31 1234 214 1273 zonoxiae
239 1234 382 1284 patrias
421 1233 531 1272 sedes
562 1245 800 1284 occupavere
830 1235 942 1283 pauci
971 1232 1174 1278 satellites,
1228 1244 1377 1272 merce·

77 1289 166 1329 dem
195 1288 398 1328 scelerum.
438 1288 561 1338 Leges
590 1288 726 1328 iudicia
780 1290 986 1333 aerarium,
1014 1289 1234 1339 provinciae
1264 1298 1377 1338 reges
1405 1294 1445 1327 13

75 1355 196 1396 penes
222 1355 354 1388 unum,
388 1344 553 1394 denique
577 1345 684 1383 necis
707 1345 844 1382 civium
876 1349 922 1383 et⁴
938 1346 1036 1383 vitae
1064 1343 1228 1383 licentia.
1256 1341 1378 1382 SImnl
1404 1350 1444 1382 14

77 1400 266 1439 humanas
287 1399 430 1438 hostias
452 1398 596 1438 vidistis
623 1405 658 1437 et
685 1399 863 1449 sepulcra
894 1399 1033 1438 insecta
1059 1400 1244 1448 sanguine
1268 1397 1376 1437 civili.

77 1455 197 1494 Estne
225 1456 315 1493 viris
342 1454 475 1493 relicui
506 1453 606 1493 aliud
635 1466 749 1504 quam
779 1454 928 1494 solvere
958 1455 1135 1493 iniuriam
1187 1459 1253 1493 aut
1278 1453 1377 1492 mori
1406 1460 1444 1493 15

32 1523 150 1561 zsper
176 1510 378 1549 virtutem?
425 1511 603 1560 quoniam
633 1510 784 1560 quidem
814 1522 933 1549 unum
965 1510 1144 1549 omnibus
1173 1510 1289 1549 finem
1310 1521 1376 1547 na-

78 1571 164 1605 tura
192 1564 251 1605 vel
281 1565 385 1604 ferro
414 1567 554 1615 saeptis
580 1567 726 1609 statuit,
769 1578 894 1616 neque
934 1567 1134 1617 quisquam
1165 1570 1376 1605 extremam

78 1622 348 1660 necessitatem
394 1621 487 1659 nihil
525 1632 640 1659 ausus
674 1621 747 1659 nisi
782 1620 960 1660 muliebri
1002 1622 1155 1671 ingenio
1187 1625 1374 1671 expectat.

78 1676 221 1716 Verum
252 1687 322 1725 ego
351 1675 564 1720 seditiosus,
596 1677 649 1715 uti
672 1675 775 1715 Sulla
800 1678 861 1720 ait,
891 1677 954 1727 qui
979 1678 1149 1727 praemia
1171 1676 1376 1715 turbarum
1404 1676 1444 1708 16

80 1743 236 1783 queror,
261 1737 298 1770 et
327 1730 468 1770 bellum
501 1732 670 1782 cupiens,
705 1732 769 1781 qui
795 1732 877 1769 iura
908 1733 1013 1781 pacis
1042 1737 1188 1781 repeto.
1225 1730 1377 1770 Scilicet
1405 1732 1443 1763 17

31 1799 67 1827 ³0
80 1788 167 1838 quia
189 1798 267 1825 non
294 1786 402 1825 aliter
430 1786 521 1825 salvi
542 1788 707 1836 satisque
730 1787 798 1824 tuti
820 1787 856 1824 in
873 1787 1039 1837 imperio
1056 1787 1171 1830 eritis,
1201 1786 1272 1824 nisi
1289 1785 1375 1824 Vet-

12 1885 18 1888 Δ
79 1844 155 1881 tius
176 1841 315 1880 Picens
337 1847 373 1879 et
395 1841 520 1880 scriba
543 1840 742 1879 Cornelius
772 1841 892 1879 aliena
918 1841 1019 1880 bene
1048 1847 1156 1891 parta
1186 1841 1375 1891 prodege-

79 1899 178 1936 rint:
218 1897 290 1935 nisi
321 1896 578 1946 adprobaritis
603 1908 736 1934 omnes
778 1897 1100 1946 proscriptionem
1130 1897 1374 1935 innoxiorum

80 1952 129 1991 ob
160 1952 327 1995 divitias,
371 1953 562 1990 cruciatus
593 1952 762 1989 vIrorum
794 1950 1023 1995 inlustrium,
1056 1956 1199 1990 vastam
1237 1950 1375 1990 urbem

81 2008 169 2057 luga
201 2012 237 2046 et
267 2007 468 2051 caedibus,
514 2006 614 2045 bona
648 2007 784 2045 civium
815 2007 1045 2046 miserorum
1078 2008 1183 2057 quasi
1214 2006 1375 2045 Cimbri·

32 2074 165 2102 escam
204 2062 388 2113 praedam
418 2074 578 2101 vaenum
615 2067 679 2100 aut
717 2061 816 2100 dono
849 2061 987 2100 datam.
1021 2063 1069 2100 At
1095 2062 1259 2102 obiectat
1284 2062 1375 2101 mihi
1406 2064 1443 2095 18

76 2118 340 2168 possessiones
371 2129 416 2156 ex
439 2118 549 2156 honis
576 2118 905 2167 proscriptorum:
938 2117 1038 2168 quod
1071 2118 1224 2169 quidem
1255 2116 1373 2156 scele-

75 2184 163 2212 rum
193 2173 292 2212 illius
325 2173 384 2212 vel
418 2185 640 2212 maxumum
671 2178 745 2215 cst,
789 2184 866 2210 non
898 2185 958 2211 me
989 2185 1114 2224 neque
1145 2184 1373 2223 quemquam

43 2262 46 2263 γ
75 2229 247 2268 omnium
277 2230 366 2268 satis
397 2234 519 2268 tutum
549 2229 678 2272 fuisse,
706 2229 735 2265 si
764 2232 867 2266 recte
899 2227 1124 2267 faceremus.
1154 2229 1270 2279 Atqui
1300 2227 1372 2269 illa,
