1537 2512
203 106 259 133 m:
293 106 427 134 3111,ιο
458 106 720 134 movim-nmo
755 105 789 133 c.
817 99 894 135 107.
923 101 997 136 108.
1030 101 1107 136 109.
1141 103 1203 137 110
1287 96 1361 134 105

66 217 155 245 cum
175 204 279 244 Sulla
300 206 455 244 iturum.
503 203 557 243 Ea
575 216 656 249 reS,
683 206 737 244 uti
768 206 804 243 in
832 204 896 243 tali
925 205 1098 254 negotio,
1123 204 1296 256 probata,
1320 214 1399 246 acss

66 261 192 300 statim
219 260 404 312 profecti,
433 260 519 310 quia
550 259 597 298 de
624 261 817 311 inproviso
848 261 1078 305 acciderant,
1108 260 1225 300 dubio
1250 266 1365 310 atque

65 315 277 355 haesitante
296 314 482 366 Iugurtha
503 315 714 355 incolumes
734 321 946 354 transeunt.
985 316 1129 355 Deinde
1143 317 1273 367 paucis
1286 316 1364 355 die·
1378 328 1398 357 7

66 370 138 409 bus
167 383 243 422 quo
274 372 329 410 ire
360 371 603 409 intenderant
629 375 856 421 perventum
888 377 955 410 est.

30 438 46 463 ⁵
174 426 231 465 Ibi
251 438 338 465 cum
359 425 513 465 Boccho
535 425 697 466 Numida
720 426 891 477 quidam,
914 427 1035 478 Aspar
1059 428 1224 471 nomine,
1246 426 1342 465 mul-
1361 426 1434 468 108

65 487 146 521 tum
176 488 214 521 et
237 481 475 520 familiariter
504 481 659 531 agebat,
691 484 925 532 praemissus
955 481 1002 521 ab
1027 482 1225 532 Iugurtha,
1261 487 1365 532 post-

65 549 180 588 quam
202 536 346 576 Sullam
373 537 534 576 accitum
562 537 756 581 audierat,
781 543 911 576 orator
940 543 978 576 et
1005 537 1167 577 subdole
1192 536 1365 588 specuta-

63 598 144 631 tum
183 592 327 632 Bocchi
349 592 531 631 consilia:
552 598 754 643 praeterea
785 593 924 637 Dabar,
951 592 1224 643 Massugradae
1252 593 1364 637 filius,

64 660 109 687 ex
134 653 248 699 gente
272 647 503 690 Masinissae.
537 654 708 687 ceterum
736 654 911 687 materno
938 659 1082 698 genere
1113 650 1223 698 inpar
1258 647 1367 700 [nam

18 710 50 737 ¹0
63 708 171 754 pater
191 704 272 744 eius
294 716 340 742 ex
363 704 577 742 concubina
602 709 709 742 ortus
732 703 846 755 erat]‚
868 704 1002 742 Mauro
1024 704 1072 743 ob
1098 704 1227 754 ingeni
1247 703 1366 742 multa

1 802 6 803 ⁷
35 758 164 798 'bona
202 770 314 798 carus
343 765 613 810 acceptusque.
673 757 795 803 Quem
819 759 997 798 Bocchus
1027 759 1145 798 fidum
1183 770 1266 798 esse
1291 759 1403 798 Ito-2

62 816 185 853 manis
216 813 344 854 multis
369 819 457 853 ante
486 814 777 864 tempestatibus
809 820 1010 864 expertus,
1043 815 1129 854 ilico
1153 814 1199 853 ad
1222 813 1368 854 Sullam

61 871 278 909 nuntiatum
306 871 435 914 mittit,
459 875 636 920 paratum
659 881 742 908 sese
773 870 900 909 facere
923 882 1020 921 quae
1041 870 1207 921 populus
1227 869 1367 908 Roma·

62 936 134 965 nus
163 923 297 964 vellet:
333 925 535 976 conloquio
567 926 667 964 diem
699 926 826 964 locum
854 930 1006 975 tempus
1036 927 1117 976 ipse
1148 924 1367 975 delegeret:

19 989 48 1016 15
63 980 234 1020 consulta
269 992 354 1020 sese
385 982 512 1019 omnia
537 993 624 1020 cum
654 980 717 1019 illo
748 982 896 1030 integra
927 980 1094 1020 habere:
1126 992 1201 1019 neu
1230 980 1368 1029 Iugur-

61 1036 150 1076 thae
178 1035 345 1086 legatum
367 1037 671 1087 pertimesceret,
694 1037 745 1060 ⁸*
760 1037 869 1060 *⁴²¹⁵*
901 1049 976 1087 quo
998 1048 1061 1076 res
1083 1037 1299 1075 communis
1323 1034 1366 1073 li-

62 1094 210 1131 centius
235 1096 456 1142 gereretur:
483 1103 571 1130 nam
592 1092 638 1130 ab
664 1092 810 1131 insidiis
831 1093 912 1131 eius
945 1091 1054 1131 aliter
1083 1092 1208 1131 careri
1234 1092 1367 1141 nequi-

63 1149 172 1187 visse.
207 1147 274 1186 Set
293 1159 365 1198 ego
391 1149 597 1198 conperior
617 1147 817 1186 Bocchum
838 1149 958 1199 magis
989 1148 1133 1186 Punica
1155 1147 1229 1186 fide
1251 1151 1402 1198 quam3

63 1202 112 1242 ob
143 1215 188 1243 ea
219 1215 317 1254 quae
341 1203 588 1253 praedicabat
611 1203 722 1241 simul
752 1203 970 1242 Romanum
1001 1208 1038 1241 et
1070 1202 1274 1241 Numidam
1301 1213 1368 1251 spe

17 1259 168 1310 zopacis
197 1258 426 1302 adtinuisse,
462 1258 701 1309 multumque
727 1270 814 1297 cum
846 1260 972 1297 animo
1000 1270 1070 1297 suo
1099 1257 1250 1296 volvere
1279 1256 1368 1295 soli·

59 1320 160 1357 tum,
194 1313 420 1363 Iugurtham
445 1313 648 1357 Romanis,
679 1326 727 1353 an
758 1313 810 1352 illi
839 1313 983 1353 Sullam
1013 1313 1201 1353 traderet:
1230 1311 1369 1351 lubidi-

60 1381 149 1409 nem
171 1369 377 1408 advorsum
397 1380 487 1411 nos,
511 1375 654 1408 metum
673 1381 744 1419 pro
765 1369 876 1407 nobis
896 1371 1073 1408 suasisse.
1103 1369 1223 1418 Igitur
1243 1366 1346 1406 Sulla
1362 1362 1438 1403 109

62 1425 262 1475 respondit
294 1436 414 1475 pauca
446 1436 576 1463 coram
607 1425 752 1475 Aspare
783 1425 1016 1469 locuturum,
1050 1429 1178 1463 cetera
1205 1421 1368 1465 occulte,

64 1487 129 1520 aut
151 1479 255 1519 nullo
282 1486 346 1519 aut
371 1492 485 1531 quam
515 1481 765 1529 paucissumis
787 1480 1075 1530 praesentibus:
1100 1478 1213 1518 simul
1235 1478 1372 1517 edocet

19 1546 162 1589 aquae
185 1534 255 1574 sihi
277 1535 621 1586 responderentur.
672 1535 901 1586 Postquam,
926 1537 1038 1574 sicuti
1058 1534 1249 1578 voluerat,
1279 1544 1406 1577 con-2

62 1592 207 1641 gressi,
228 1591 318 1630 dicit
345 1602 386 1629 se
407 1592 566 1630 missum
592 1603 611 1629 a
640 1590 797 1629 consule
819 1592 968 1630 venisse
991 1591 1207 1642 quaesitum
1228 1588 1275 1628 ab
1303 1600 1369 1632 eo,

62 1659 198 1698 pacem
230 1658 276 1685 an
303 1645 446 1685 bellum
476 1647 688 1695 agitaturus
711 1646 821 1685 soret.
876 1646 976 1685 Tum
998 1658 1079 1690 rex,
1110 1646 1163 1684 uti
1184 1655 1406 1695 praecep-3

67 1708 148 1742 tum
165 1704 303 1748 suerat,
322 1710 410 1755 post
427 1704 526 1743 diem
545 1706 751 1744 decumum
768 1706 899 1744 redire
915 1706 1042 1746 iubet:
1069 1718 1113 1745 ac
1127 1705 1223 1744 nihil
1242 1707 1375 1744 etiam·

69 1763 147 1797 tum
170 1758 400 1805 decrevisse,
433 1767 493 1799 set
514 1761 579 1800 illo
602 1761 662 1799 die
685 1773 978 1812 responsurum.
1033 1761 1179 1800 Deinde
1201 1760 1315 1799 ambo
1340 1761 1378 1799 in
1396 1768 1418 1801 4

22 1824 55 1852 ιο
67 1826 135 1854 sua
151 1820 275 1854 castra
293 1816 458 1865 dIgressi
476 1824 578 1856 sunt.
620 1818 685 1856 Set
700 1817 767 1854 ubi
784 1816 1014 1868 plerumque
1033 1818 1156 1856 noctis
1173 1817 1375 1867 processit,

68 1869 171 1908 Sulla
193 1883 211 1909 a
235 1870 389 1909 Boccho
411 1871 560 1910 occulte
581 1873 810 1912 accersitur:
833 1872 880 1910 ab
902 1878 1067 1923 utroque
1089 1877 1235 1910 tantum
1259 1871 1376 1910 modo

66 1925 130 1963 fidi
169 1926 400 1976 interpretes
426 1925 681 1969 adhibentur,
711 1932 911 1976 praeterea
944 1927 1071 1966 Dabar
1102 1927 1374 1969 internuntius,

67 1986 223 2020 sanctus
236 1982 292 2020 vir
304 1986 340 2019 et
362 1993 407 2020 ex
427 1983 612 2020 sententia
631 1982 830 2020 ambobus.
858 1983 911 2021 Ac
927 1984 1052 2021 statim
1071 1984 1125 2021 sic
1139 1994 1207 2021 rex
1223 1983 1375 2033 incipit:

181 2036 409 2086 ‘Numquam
433 2047 504 2086 ego
529 2042 634 2075 ratus
664 2049 748 2076 sum
775 2037 877 2082 sore,
910 2039 964 2077 uti
994 2049 1062 2077 rex
1084 2049 1288 2077 maxumus
1314 2039 1350 2077 in
1371 2037 1445 2076 110

23 2100 55 2128 ³5
68 2090 141 2130 hac
162 2097 264 2130 terra
289 2097 326 2130 et
355 2093 526 2131 omnium
554 2104 651 2142 quos
672 2094 759 2131 novi
782 2095 928 2143 privato
954 2093 1099 2131 homini
1122 2094 1285 2143 gratiam
1310 2093 1377 2131 de-

66 2145 212 2186 berem.
241 2147 292 2193 ,Et
319 2146 554 2191 mehercule,
579 2147 695 2192 Sulla,
722 2153 809 2187 ante
830 2154 867 2187 te
890 2150 1085 2198 cognitum
1107 2148 1238 2187 multis
1261 2160 1374 2186 oran·
1391 2160 1411 2191 2

73 2201 194 2247 tibus,
225 2202 306 2241 aliis
326 2202 428 2242 ultro
454 2208 606 2252 egomet
625 2215 737 2254 opem
765 2203 845 2248 tuli,
877 2204 1018 2243 nullius
1039 2204 1204 2254 indigui.
1257 2202 1297 2241 Id
1319 2204 1410 2245 iii-3

72 2258 275 2300 minutum,
299 2258 401 2307 qnod
424 2259 540 2297 ceteri
566 2258 695 2298 dolere
717 2258 859 2300 solt-nt.
884 2271 954 2306 ego
978 2259 1121 2299 laetor:
1146 2259 1263 2297 suerit
1284 2257 1374 2296 mihi
