1537 2512
273 109 329 134 m:
359 108 494 135 nmmo
526 107 792 135 1vevnrnn<o
818 107 854 134 c.
878 102 956 136 112.
989 101 1068 136 113·
1099 101 1178 135 114.
1297 96 1372 134 107

69 209 225 244 ventam
253 205 396 244 frustra
429 205 564 245 fuisse:
596 210 767 245 ceterum
797 203 975 244 Bocchus
1004 204 1036 243 si
1065 204 1254 244 ambobus
1284 215 1412 248 con-3

69 259 214 299 sultum
246 265 283 300 et
311 266 434 299 ratam
471 273 607 311 pacem
637 259 767 304 vellet,
807 260 917 299 daret
953 271 1112 310 operam
1141 265 1184 298 ut
1219 272 1295 300 una
1325 261 1372 300 ab

3 330 6 331 ⁷
70 315 250 355 omnibus
274 316 382 366 quasi
403 316 450 355 de
473 327 568 366 pace
590 317 628 355 in
651 314 898 366 conloquium
919 315 1127 360 veniretur,
1152 315 1282 366 ibique
1302 316 1374 355 sibi

65 369 212 409 Sullam
229 371 420 410 traderet:
449 383 537 410 cum
556 371 671 410 talem
692 371 817 409 virum
842 372 881 409 in
903 374 1132 420 potestatem
1162 371 1371 416 habuisset,

34 430 149 464 otum
187 425 272 465 fore
302 427 358 465 uti
383 427 489 465 iussu
520 425 694 479 [senatus
724 425 807 478 aut]
839 424 972 477 populi
1003 424 1203 478 [Romani]
1236 426 1372 466 foedus

63 480 194 519 fieret:
216 492 344 532 neque
364 481 560 521 hominem
580 481 762 526 nobilem,
780 493 858 520 non
881 493 949 520 sua
972 481 1119 530 ignavia
1141 487 1198 520 set
1219 481 1267 520 ob
1288 494 1371 521 rem

62 534 257 585 publicam
287 538 326 575 in
355 537 523 576 hostium
552 542 760 588 potestate,
792 536 972 575 relictum
1003 537 1061 575 iri.

173 591 277 631 llaec
293 591 450 631 Maurus
466 604 598 632 secum
614 593 694 643 ipse
716 592 780 631 diu
803 592 958 630 volvens
978 592 1134 630 tandem
1150 593 1346 641 promisit:
1362 592 1438 632 113

64 650 238 685 ceterum
264 646 351 685 dolo
381 659 428 686 an
453 660 542 687 vere
569 652 782 692 cunctatus,
816 659 953 698 parum
984 648 1243 698 conperimus,
1305 648 1372 687 Set

16 708 50 736 ιο
61 700 293 753 plerumque
319 704 448 752 regiae
477 703 703 747 voluntates,
731 708 774 742 ut
801 703 1067 746 vehementes,
1109 704 1163 741 sic
1193 702 1366 747 mobiles,

62 767 178 807 saepe
205 758 310 808 ipsae
341 758 412 796 sibi
442 759 637 797 advorsae.
691 758 827 796 Postea
849 763 1024 807 tempore
1055 761 1092 796 et
1120 756 1205 796 loco
1230 760 1405 800 consti-2

60 816 164 857 tuto,
197 814 235 851 in
267 812 513 864 conloquium
543 815 599 852 uti
628 814 674 853 de
705 825 800 863 pace
834 814 1042 856 veniretur,
1075 812 1254 852 Bocchus
1286 813 1371 852 Sul-

61 866 138 906 lam
159 868 288 912 modo,
314 868 429 907 modo
453 869 663 919 Iugurthae
689 869 857 918 legatum
880 867 1086 917 adpellare,
1112 866 1280 917 benigne
1304 868 1370 907 ha-

60 921 168 968 bere,
199 923 300 962 idem
329 923 519 963 ambobus
543 924 728 974 polliceri.
762 923 818 962 Illi
845 925 990 974 pariter
1016 923 1105 962 laeti
1135 934 1179 961 ac
1199 925 1281 973 spei
1302 923 1371 962 bo·

15 986 48 1012 1⁵
61 989 133 1017 nae
152 977 256 1028 pleni
278 990 373 1018 esse.
425 979 490 1018 Set
511 985 624 1019 nocte
650 992 713 1023 ea,
737 991 834 1030 quae
854 990 1042 1029 proxuma
1066 977 1137 1016 suit
1161 983 1248 1016 ante
1271 979 1371 1017 diem
1398 990 1417 1023 ,3

62 1032 266 1085 conloquio
291 1035 511 1079 decretum,
534 1035 691 1074 Maurus
713 1034 890 1073 adhibitis
916 1035 1048 1072 amicis
1084 1045 1128 1072 ac
1155 1034 1281 1072 statim
1313 1035 1371 1073 in-

57 1093 205 1128 mutata
235 1089 432 1128 voluntate
462 1091 623 1128 remotis
654 1089 794 1128 dicitur
824 1100 956 1128 secum
987 1089 1073 1138 ipse
1102 1087 1267 1127 multum
1291 1089 1372 1137 agi-

59 1144 219 1189 tavisse,
252 1144 354 1183 voltu
387 1151 424 1183 et
453 1144 577 1183 oculis
607 1146 755 1194 pariter
786 1150 902 1195 atque
933 1145 1061 1182 animo
1093 1145 1219 1182 varius
1251 1142 1372 1195 [quae

62 1198 207 1238 scilicet
235 1205 385 1238 tacente
414 1201 496 1250 ipso
528 1200 677 1238 occulta
703 1201 871 1250 pectoris
898 1197 1159 1250 patefecisse]
1225 1198 1406 1242 Tame114

15 1267 49 1293 το
60 1259 258 1304 postremo
279 1254 424 1293 Sullam
450 1255 594 1294 accersi
620 1255 726 1294 iubet
755 1260 792 1294 et
823 1267 867 1294 ex
899 1254 998 1292 illius
1030 1255 1217 1293 sententia
1242 1253 1374 1293 Numi-

60 1309 132 1348 dae
160 1310 316 1349 insidias
341 1310 472 1349 tendit.
532 1310 695 1355 Deinde,
727 1310 794 1349 ubi
824 1310 904 1349 dies
927 1309 1079 1348 advenit
1106 1313 1143 1347 et
1165 1310 1199 1347 ei
1220 1310 1406 1352 nuntia—5

59 1370 143 1404 tum
160 1370 218 1403 est
231 1365 457 1414 Iugurtham
470 1365 565 1405 haut
584 1365 721 1415 procul
744 1365 899 1408 abesse,
923 1376 1010 1403 cum
1027 1365 1160 1415 paucis
1182 1365 1313 1402 amicis
1337 1370 1374 1403 et

61 1424 267 1471 quaestore
296 1425 429 1459 nostro
460 1422 569 1471 quasi
600 1421 735 1460 obvius
764 1421 923 1459 honoris
962 1431 1078 1458 causa
1121 1420 1296 1469 procedit
1331 1421 1369 1457 in

58 1475 253 1515 tumulum
284 1475 522 1515 facillumum
560 1478 641 1516 visu
678 1475 958 1515 insidiantibus.
1025 1474 1172 1514 Eodem
1209 1474 1408 1520 Numidae

14 1539 150 1570 acum
165 1531 362 1582 plerisque
384 1533 611 1570 necessariis
632 1533 710 1571 suis
730 1532 900 1576 inermis,
927 1531 982 1569 uti
1014 1530 1157 1569 dictum
1187 1535 1279 1573 erat,
1309 1531 1374 1569 ad-

61 1586 163 1626 cedit
193 1599 238 1626 ac
262 1587 388 1625 statim
419 1588 528 1636 signo
560 1588 648 1626 dato
678 1587 848 1638 undique
877 1585 989 1625 simul
1018 1597 1064 1624 ex
1094 1585 1240 1624 insidiis
1270 1586 1374 1624 inva-

61 1641 177 1680 ditur.
236 1641 362 1681 Ceteri
392 1642 630 1682 obtruncati:
660 1642 845 1692 Iugurtha
869 1641 995 1680 Sullae
1024 1641 1174 1679 vinetus
1203 1641 1368 1680 traditur
1387 1652 1404 1681 7

62 1702 100 1736 et
129 1697 176 1736 ab
209 1709 255 1736 eo
286 1698 331 1736 ad
357 1697 522 1737 Marium
550 1698 739 1737 deductus
771 1703 838 1736 est.

171 1752 247 1792 Per
272 1754 374 1792 idem
392 1758 546 1804 tempus
568 1754 774 1792 advorsum
796 1752 925 1791 Gallos
948 1751 995 1790 ab
1019 1750 1182 1789 ducibus
1209 1751 1350 1789 nostris
1367 1752 1378 1789 1
1396 1753 1438 1790 14

14 1805 107 1853 300.
128 1806 321 1859 Caepione
343 1814 382 1848 et
403 1809 475 1848 Gn.
497 1808 638 1847 Manlio
659 1808 760 1847 male
783 1811 1021 1857 pugnatum:
1044 1816 1121 1857 quo
1143 1809 1248 1844 metu
1268 1805 1374 1844 Italia

61 1864 188 1903 omnis
213 1865 459 1903 contremuit.
512 1863 687 1914 Illimque
714 1874 836 1926 usque
865 1862 912 1901 ad
941 1866 1114 1900 nostram
1146 1862 1406 1900 memoriam-2

61 1919 227 1958 Romani
265 1920 321 1958 sic
350 1919 536 1964 habuere,
577 1919 647 1957 alia
676 1920 803 1957 omnia
841 1918 966 1956 virtuti
997 1929 1089 1955 suae
1119 1927 1242 1966 prona
1275 1927 1371 1960 esse,

63 1986 152 2013 cum
183 1974 300 2014 Gallis
329 1987 402 2026 pro
432 1975 565 2019 salute,
598 1986 676 2013 non
697 1985 769 2024 pro
809 1972 931 2023 gloria
961 1972 1115 2012 certari.
1175 1971 1242 2010 Set
1267 1976 1371 2022 post·
1386 1982 1406 2013 3

63 2041 179 2081 quam
217 2028 362 2069 bellum
388 2031 426 2069 in
456 2029 635 2069 Numidia
658 2029 878 2069 consectum
903 2031 941 2068 et
962 2026 1188 2078 Iugurtham
1209 2025 1372 2065 Romam

16 2085 231 2124 “vinctum
255 2084 394 2124 adduci
415 2087 631 2125 nuntiatum
654 2090 722 2129 est,
755 2084 899 2123 Marius
921 2082 1054 2122 consul
1077 2081 1216 2121 absens
1247 2081 1371 2120 sactus

63 2145 122 2179 est
147 2145 185 2179 et
211 2141 245 2180 ei
273 2140 428 2180 decreta
450 2142 645 2192 provincia
668 2140 809 2180 Gallia:
842 2140 950 2190 isque
979 2137 1160 2177 Kalendis
1185 2136 1370 2176 Ianuariis

62 2206 202 2246 magna
229 2195 350 2245 gloria
372 2196 506 2236 consul
530 2196 790 2246 triumphavit.
834 2195 880 2233 Et
903 2207 944 2233 ea
961 2197 1186 2244 tempestate
1203 2203 1291 2236 snt³⁹

65 2263 140 2302 que
170 2263 262 2302 opes
293 2253 452 2292 civitatis
481 2255 519 2291 in
550 2251 613 2290 illo
641 2253 745 2289 sitae.
