1537 2512
153 85 204 126 78
382 94 438 119 m:
469 91 604 119 namo
637 91 902 119 IVGVRTHINO
935 91 973 119 c.
1002 85 1059 121 64.
1091 86 1148 121 65-
1178 85 1235 121 66.
1521 37 1537 125 ὲ

1527 148 1537 167 xl

153 192 399 231 habiturum:
421 190 713 240 abimperatore
736 189 909 230 consulto
931 190 1043 235 trahi,
1066 189 1169 241 quod
1191 189 1308 229 homo
1327 190 1453 230 inanis

114 253 135 286 6
153 253 190 286 et
222 247 352 296 regiae
378 245 583 297 superbiae
600 246 762 296 imperio
792 246 906 284 nimis
936 245 1134 296 gauderet.
1193 245 1300 291 Quae
1323 247 1450 288 omnia

154 302 226 342 illis
243 313 288 341 eo
309 301 480 341 firmiora
495 300 741 345 videbantur,
765 301 865 351 quod
887 301 1134 340 diuturnitate
1154 300 1244 341 belli
1259 312 1324 340 res
1345 301 1452 341 fami-

157 357 260 396 liaris
282 362 563 407 conruperant,
595 361 633 395 et
653 357 779 395 animo
802 357 972 407 cupienti
1000 355 1094 395 nihil
1115 358 1207 396 satis
1235 357 1452 396 festinatur.

89 414 138 453 65
158 412 249 451 Erat
269 417 470 463 praeterea
496 413 536 450 in
559 413 729 451 exercitu
762 417 894 451 nostro
914 412 1079 451 Numida
1100 411 1274 462 quidam,
1296 413 1480 451 nomines

156 467 300 512 Gauda,
322 465 593 507 Mastanabalis
613 466 733 512 filius,
755 467 977 506 Masinissae
998 478 1120 518 nepos
1134 497 1143 513 ‚
1164 478 1278 518 quem
1295 467 1452 517 Micipsa
1526 518 1529 520 Δ

155 528 384 563 testamento
401 523 615 562 secundum
636 522 819 562 heredem
841 524 1059 574 scripserat,
1082 522 1230 561 morbis
1251 522 1465 562 confectus·
1526 535 1531 538 ·

117 586 135 616 ‘2
155 584 191 617 et
212 578 260 617 ob
284 590 368 618 eam
398 590 554 617 causam
594 583 723 617 mente
752 577 949 628 paululum
978 578 1180 617 inminuta.
1229 577 1300 617 Cui
1319 577 1452 620 Metel·

155 633 214 673 lus
234 635 380 686 petenti
395 645 505 673 more
520 644 657 683 regum
673 638 717 672 ut
732 632 863 673 sellam
885 635 990 673 iuxta
1010 638 1185 685 poneret,
1207 633 1299 673 item
1318 637 1453 684 postea

156 689 353 728 custodiae
387 700 503 728 causa
536 694 704 728 turmam
733 689 904 741 equitum
925 689 1210 734 Romanorum,
1244 693 1453 740 utrumque
1467 690 1499 717 ¹⁰

157 750 383 794 negaverat:
406 745 608 789 honorem,
631 744 734 795 quod
753 756 887 784 eorum
913 755 1024 783 more
1046 745 1148 784 foret
1167 756 1266 796 quos
1285 744 1455 796 populus

155 798 352 839 Romanus
373 812 485 851 reges
505 799 781 852 adpellavisset,
804 800 1052 850 praesidium,
1075 800 1179 851 quod
1200 798 1453 839 contumelio-

155 867 240 894 sum
262 856 300 894 in
323 867 388 895 eos
410 856 530 901 soret,
562 857 594 894 si
615 857 764 906 equites
784 855 947 895 Romani
967 855 1149 895 satellites
1168 855 1356 896 Numidae
1376 861 1452 895 tra·

116 915 135 948 3
153 911 350 949 derentur.
399 910 511 950 Hunc
530 911 674 950 Marius
695 913 852 951 anxium
873 911 1097 962 adgreditur
1119 916 1233 963 atque
1260 911 1451 956 hortatur,

153 970 196 1004 ut
225 966 545 1006 contumeliarum
577 967 615 1005 in
630 965 906 1017 imperatorem
928 979 1017 1006 cum
1045 979 1115 1007 suo
1137 967 1278 1007 auxilio
1308 974 1454 1018 poenas
1468 969 1500 996 ¹⁵

154 1026 279 1072 petat:
294 1021 491 1061 hommem
508 1021 557 1061 ob
575 1022 732 1061 morbos
750 1022 877 1061 animo
895 1034 1033 1073 parum
1049 1023 1172 1062 valido
1185 1022 1355 1062 secunda
1367 1034 1453 1062 ora-

154 1077 258 1115 tione
279 1076 443 1116 extollit:
472 1076 579 1117 illum
600 1089 746 1128 regem,
769 1079 965 1128 ingentem
987 1079 1122 1124 virum,
1144 1078 1365 1118 Masinissae
1386 1090 1454 1117 ne·

155 1136 286 1182 potem
308 1144 411 1172 esse:
435 1134 467 1172 si
484 1133 669 1184 Iugurtha
692 1138 826 1185 captus
853 1139 916 1174 aut
941 1135 1091 1173 occisus
1112 1135 1226 1178 foret,
1248 1135 1453 1185 imperium

154 1187 356 1227 Numidiae
376 1189 458 1227 sine
479 1201 588 1228 mora
608 1188 850 1229 habiturum:
879 1189 917 1229 id
938 1190 1035 1229 adeo
1057 1194 1206 1229 mature
1226 1202 1344 1241 posse
1365 1202 1452 1229 eve-

115 1249 135 1280 4
153 1243 253 1287 nire,
283 1244 314 1282 si
342 1245 424 1294 ipse
454 1244 588 1284 consul
618 1244 666 1283 ad
695 1245 732 1283 id
762 1244 905 1284 bellum
928 1247 1066 1285 missus
1098 1245 1210 1284 soret.
1260 1245 1391 1297 Itaque
1412 1251 1450 1285 et
1462 1248 1496 1274 ²⁰

154 1297 261 1337 illum
283 1303 321 1337 et
341 1300 489 1350 equites
505 1299 712 1344 Romanos,
735 1299 874 1340 milites
891 1306 928 1340 et
944 1301 1215 1350 negotiatores,
1238 1300 1332 1340 alios
1352 1302 1448 1352 ipse,

154 1353 362 1404 plerosque
390 1356 495 1405 pacis
516 1367 604 1405 spes
624 1355 789 1406 inpellit,
824 1358 879 1395 uti
900 1357 1062 1396 Romam
1085 1356 1133 1395 ad
1159 1368 1251 1396 suos
1272 1368 1448 1396 necessa-

154 1410 233 1448 rios
253 1421 390 1460 aspere
418 1411 455 1449 in
478 1410 672 1450 Metellum
700 1411 747 1450 de
767 1410 869 1450 bello
891 1412 1081 1457 scribant,
1111 1411 1272 1451 Marium
1283 1413 1450 1463 impera-

114 1468 133 1500 5
152 1470 275 1504 torem
305 1472 476 1516 poscant.
516 1465 579 1503 Sic
605 1466 658 1505 illi
690 1479 708 1505 a
741 1467 869 1506 multis
899 1467 1128 1507 mortalibus
1163 1467 1448 1508 honestissuma

152 1521 427 1571 suffragatione
467 1521 689 1562 consulatus
726 1522 948 1573 petebatur:
991 1523 1104 1562 simul
1142 1536 1186 1563 ea
1223 1528 1452 1575 tempestate
1465 1526 1498 1552 ²⁵

151 1575 284 1626 plebes
300 1576 496 1615 nobilitate
513 1578 595 1616 susa
612 1590 683 1628 per
714 1577 837 1628 legem
861 1578 1064 1618 Mamiliam
1083 1591 1202 1618 novos
1234 1578 1452 1619 extollebat.

154 1631 207 1670 Ita
230 1632 350 1671 Mario
373 1637 508 1671 cuncta
532 1633 758 1683 procedere.

86 1688 136 1728 66
266 1686 422 1727 Interim
454 1688 656 1739 Iugurtha,
691 1695 894 1741 postquam
925 1691 1065 1730 omissa
1087 1690 1280 1730 deditione
1308 1689 1452 1730 bellum

152 1743 301 1793 incipit,
335 1755 422 1782 cum
444 1755 583 1794 magna
615 1757 705 1784 cura
738 1757 875 1796 parare
898 1748 1046 1790 omnia,
1080 1746 1280 1791 festinare,
1311 1757 1453 1797 cogere

153 1800 387 1838 exercitum:
420 1800 612 1846 civitates,
635 1813 733 1852 quae
755 1801 801 1840 ab
823 1813 864 1839 se
886 1801 1127 1845 defecerant,
1162 1801 1367 1841 formidine
1388 1805 1500 1842 aut³⁰

152 1854 382 1894 ostentando
403 1857 573 1906 praemia
597 1856 811 1902 adfectare,
835 1859 1063 1897 conmunire
1085 1869 1176 1897 suos
1197 1856 1322 1902 locos,
1345 1869 1453 1897 arma

152 1908 226 1949 tela
241 1909 390 1959 aliaque
408 1922 505 1959 quae
521 1923 589 1962 spe
603 1912 708 1961 pacis
723 1913 905 1952 amiserat
922 1913 1083 1953 reficere
1099 1914 1450 1953 autcommercari:

152 1966 302 2004 servitia
324 1965 588 2004 Romanorum
611 1966 789 2012 adlicere,
821 1974 857 2006 et
878 1980 945 2007 eos
967 1970 1081 2019 ipsos,
1105 1970 1170 2021 qui
1192 1969 1228 2007 in
1252 1969 1453 2020 praesidiis

152 2026 272 2064 erant,
290 2022 453 2072 pecunia
475 2026 686 2073 temptare:
709 2035 871 2074 prorsus
887 2023 980 2063 niln'l
996 2026 1181 2064 intactum
1200 2036 1326 2075 neque
1343 2025 1451 2075 quie—

114 2082 229 2114 2tum
253 2077 347 2126 pati,
382 2082 520 2116 cuncta
553 2079 710 2127 agitare.
771 2079 892 2130 igitur
933 2082 1146 2131 Vagenses,
1179 2091 1255 2130 quo
1276 2079 1498 2120 Metellus⁸⁸

153 2132 258 2170 initio
289 2132 472 2181 Iugurtha
513 2133 737 2183 pacificante
769 2135 1003 2185 praesidium
1034 2137 1278 2186 inposuerat,
1310 2135 1459 2186 fatigati

154 2188 258 2238 regis
288 2186 487 2239 subpliciis
518 2200 645 2240 neque
676 2195 786 2229 antea
821 2190 1012 2231 voluntate
1043 2191 1214 2235 alienati,
1257 2191 1454 2243 principes

154 2243 314 2282 civitatis
335 2244 435 2283 inter
456 2256 495 2282 se
519 2246 740 2285 coniurant:
771 2258 859 2285 nam
882 2247 1034 2298 volgus,
1065 2248 1119 2286 uti
1141 2246 1370 2298 plerumque
1391 2259 1453 2286 so-
