1537 2512
104 82 157 122 20
256 95 311 120 DE
344 92 570 120 cAT1L1NAE
603 91 920 119 CONIVRATIONE
952 91 986 118 c.
1017 86 1072 121 39.
1101 85 1158 120 40.
1188 87 1251 120 41.

103 191 289 234 licuisset,
321 192 412 241 quin
433 191 592 230 defessis
618 195 655 228 et
679 189 916 239 exanguibus
941 190 1005 240 qui
1025 188 1110 240 plus
1132 193 1262 239 posset
1276 189 1397 239 impe-

68 255 89 286 5
102 247 202 284 rium
225 249 338 296 atque
357 246 572 284 libertatem
594 249 851 295 extorqueret.
881 244 1007 283 Fuere
1026 249 1153 283 tamen
1173 248 1281 283 extra
1301 255 1392 282 con-

101 301 327 340 iurationem
350 300 565 350 conplures,
598 301 664 350 qui
689 300 736 338 ad
756 299 953 338 Catilinam
976 300 1081 338 initio
1106 298 1267 349 profecti
1288 304 1389 337 sunt.

101 356 143 394 ln
157 357 211 394 eis
234 353 402 406 erat[A.]
414 355 585 399 Fulvius,
612 356 800 393 senatoris
824 354 942 398 filius,
968 365 1083 405 quem
1111 357 1320 392 retractum
1347 366 1391 392 ex

66 419 87 451 6
101 411 238 449 itinere
267 421 407 461 parens
443 411 573 449 necari
612 411 730 448 iussit.
789 409 942 448 Eisdem
977 408 1218 459 temporibus
1248 408 1422 447 Romaes

102 464 299 509 Lentulus,
329 467 440 505 sicuti
465 464 624 504 Catilina
645 469 906 515 praeceperat,
938 475 1202 515 quoscumque
1219 463 1394 502 moribus

102 525 168 558 aut
198 520 352 559 fortuna
374 521 482 559 novis
502 520 620 559 rebus
639 520 798 558 idoneos
822 518 1021 563 credebat,
1053 523 1118 557 aut
1139 520 1221 569 ipse
1243 523 1308 558 aut
1323 530 1394 570 per

102 574 196 613 alios
218 574 456 619 sollicitabat,
482 588 608 627 neque
629 575 752 613 solum
777 576 886 618 civis,
918 579 976 612 set
996 575 1182 625 cuiusque
1204 573 1308 612 modi
1328 583 1392 623 ge-

37 633 88 672 40
104 641 178 668 nus
198 629 418 675 hominum,
450 631 552 681 quod
571 631 687 669 modo
710 629 810 668 bello
831 630 916 668 usui
938 629 1050 667 foret.
1099 629 1219 678 Igitur
1238 628 1280 667 P.
1302 628 1393 668 Um-

103 684 227 723 breno
245 686 395 724 cuidam
414 687 610 735 negotium
631 686 704 729 dat,
722 686 777 723 uti
793 685 938 734 legatos
954 683 1204 733 Allobrogum
1224 684 1396 734 requirat
1408 695 1438 722 xc

104 751 267 790 eosque,
300 742 331 779 si
353 742 483 791 possit,
513 740 670 791 inpellat
699 741 746 778 ad
770 741 991 778 societatem
1020 738 1128 783 belli,
1161 739 1395 778 existumans

102 793 256 844 publice
278 797 532 847 privatimque
554 807 643 834 aere
665 795 788 834 alieno
812 795 1034 846 obpressos,
1067 799 1268 845 praeterea
1292 793 1396 845 quod

102 854 238 888 natura
260 861 354 899 gens
375 850 517 891 Gallica
537 850 717 890 bellic-osa
738 855 855 894 esset,
886 849 996 888 facile
1019 862 1084 888 eos
1106 850 1152 888 ad
1173 849 1248 888 tale
1271 850 1394 888 consi—

69 903 197 946 2¹ium
222 906 360 944 adduci
386 918 510 957 posse.
565 905 803 949 Umbrenus,
837 905 939 956 quod
972 906 1009 943 in
1034 904 1152 945 Gallia
1179 905 1395 954 negotiatus

104 964 207 1003 erat,
238 960 434 1011 plerisque
453 960 692 1011 principibus
715 962 919 999 civitatium
942 965 1056 999 notus
1086 965 1168 999 erat
1190 965 1304 1012 atque
1329 970 1395 999 eos
1410 971 1440 998 1⁵

101 1021 275 1054 noverat.
300 1015 429 1067 [taque
450 1017 532 1054 sine
552 1027 672 1060 mora,
695 1015 763 1054 ubi
781 1017 948 1066 primum
970 1015 1116 1066 legatos
1136 1017 1173 1054 in
1196 1015 1281 1053 soro
1304 1026 1395 1054 con·

101 1071 243 1119 spexit,
276 1076 526 1121 percontatus
548 1082 669 1122 pauca
698 1071 744 1109 de
773 1076 873 1109 statu
897 1072 1056 1109 civitatis
1077 1076 1114 1109 et
1134 1071 1241 1121 quasi
1261 1069 1394 1109 dolens

101 1126 182 1163 eius
207 1137 336 1165 casum
358 1128 558 1177 requirere
583 1127 718 1176 coepit,
744 1138 858 1176 quem
880 1128 1021 1165 exitum
1043 1127 1158 1164 tantis
1179 1125 1288 1164 malis
1308 1137 1394 1177 spe-

65 1192 86 1224 3
99 1185 242 1219 rarent.
275 1181 482 1232 Postquam
499 1181 581 1220 illos
597 1182 697 1221 videt
714 1183 823 1232 queri
843 1182 889 1220 de
911 1182 1064 1220 avaritia
1087 1182 1391 1231 magistratuum,

100 1246 284 1275 accusare
304 1241 477 1276 senatum
507 1237 609 1288 quod
629 1238 667 1275 in
689 1249 733 1275 eo
754 1236 868 1275 auxili
892 1236 985 1275 nihil
1007 1242 1117 1278 esset.
1138 1237 1302 1275 miseriis
1317 1237 1394 1275 suis
1408 1249 1440 1274 ’.νο

100 1291 314 1331 remedium
334 1297 499 1331 mortem
521 1297 743 1342 expectare,
769 1298 819 1330 ‘at
837 1292 919 1341 ego'
940 1293 1058 1343 inquit
1079 1291 1208 1335 ‘vobis,
1230 1292 1261 1330 si
1281 1291 1395 1330 modo

99 1346 170 1383 viri
200 1358 284 1385 esse
314 1347 445 1391 voltis,
478 1349 664 1386 rationem
694 1347 918 1392 ostendam,
955 1359 1028 1398 qua
1059 1353 1162 1386 tanta
1196 1348 1267 1386 ista
1296 1346 1395 1385 mala

102 1400 318 1450 effugiatis!
362 1403 468 1441 Haec
487 1402 553 1441 ubi
586 1403 689 1447 dixit,
720 1402 946 1452 Allobroges
978 1404 1014 1441 in
1041 1414 1260 1441 maxumam
1287 1413 1394 1453 spem

101 1455 254 1495 adducti
265 1457 505 1496 Umbrenum
523 1469 648 1502 orare,
665 1462 708 1496 ut
722 1459 779 1496 sui
796 1459 1063 1496 misereretur:
1082 1457 1175 1496 nihil
1189 1462 1268 1496 tam
1285 1469 1394 1508 aspe-

102 1521 190 1548 rum
210 1523 335 1562 neque
358 1518 436 1551 tarn
459 1513 611 1551 difficile
631 1525 732 1557 esse,
757 1513 859 1563 quod
879 1525 956 1551 non
979 1513 1235 1564 cupidissume
1257 1513 1439 1552 facturia

66 1570 245 1610 5essent,
285 1567 377 1606 dum
417 1579 458 1606 ea
490 1580 551 1606 res
583 1570 769 1607 civitatem
801 1580 889 1607 aere
919 1568 1042 1607 alieno
1073 1568 1266 1607 liberaret.
1329 1567 1394 1607 Ille

101 1631 167 1657 eos
188 1621 225 1658 in
248 1621 404 1661 domum
425 1623 468 1661 D.
493 1623 601 1662 Bruti
626 1623 814 1674 perducit,
847 1624 949 1674 quod
971 1623 1054 1662 soro
1075 1625 1291 1674 propinqua
1314 1629 1396 1662 erat

100 1686 226 1725 neque
247 1676 368 1716 aliena
391 1678 523 1716 consili
546 1684 706 1728 propter
728 1678 1016 1728 Semproniam:
1038 1691 1125 1716 nam
1150 1684 1230 1717 tum
1252 1678 1394 1718 Brutus

63 1732 84 1767 6
100 1729 146 1767 ab
168 1729 289 1769 Roma
315 1733 460 1772 aberat.
517 1734 721 1772 Praeterea
749 1733 952 1773 Gabinium
972 1735 1144 1777 accersit,
1169 1745 1244 1785 quo
1272 1735 1394 1772 maior

101 1787 307 1826 auctoritas
343 1789 511 1826 sermoni
551 1790 703 1828 inesset.
769 1788 824 1827 Eo
856 1794 1057 1839 praesente.
1091 1789 1438 1830 coniurationemso

101 1842 243 1890 aperit,
276 1844 448 1882 nominat
467 1845 611 1888 socios,
640 1848 839 1894 praeterea
864 1844 1004 1883 multos
1029 1845 1213 1895 cuiusque
1240 1845 1393 1893 generis

100 1895 287 1941 innoxios,
311 1910 388 1948 quo
408 1898 543 1948 legatis
565 1901 714 1938 animus
735 1899 896 1948 amplior
918 1905 1029 1940 esset.
1049 1899 1199 1938 Deinde
1224 1911 1289 1938 eos
1309 1898 1391 1949 pol·

38 1948 223 1993 41licitos
252 1964 410 2002 operam
441 1965 549 1992 suam
580 1955 737 1993 domum
767 1955 928 1992 dimittit.
982 1954 1048 1993 Set
1075 1953 1300 2004 Allobroges
1327 1954 1392 1993 diu

68 2005 140 2044 2in
172 2005 319 2046 incerto
348 2009 540 2053 habuere,
574 2010 754 2060 quidnam
787 2009 917 2047 consili
950 2015 1142 2059 caperent.
1202 2009 1243 2048 ln
1272 2008 1392 2048 altera

101 2065 210 2109 parte
241 2068 324 2100 erat
347 2076 411 2102 aes
435 2064 600 2102 alienum
630 2065 797 2103 studium
819 2064 908 2103 belli
929 2076 1065 2113 magna
1097 2075 1246 2103 merces
1266 2066 1304 2103 in
1324 2076 1392 2115 spe
1404 2079 1437 2107 ³⁵

101 2114 300 2162 victoriae,
329 2124 365 2157 at
385 2120 422 2158 in
444 2119 561 2158 altera
584 2121 747 2158 maiores
767 2131 859 2169 opes
879 2125 959 2159 tuta
980 2120 1132 2158 consilia
1154 2131 1224 2169 pro
1247 2120 1392 2159 incerta

66 2179 169 2219 :ispe
193 2176 296 2211 certa
318 2176 499 2224 praemia.
544 2174 646 2213 llaec
671 2175 742 2213 illis
769 2174 1006 2214 volventibus
1034 2174 1186 2213 tandem
1210 2175 1295 2213 vicit
1315 2175 1392 2213 sor·

68 2237 87 2265 4
103 2228 192 2265 tuna
214 2229 269 2266 rei
289 2229 478 2279 publicae.
514 2229 644 2279 ltaque
666 2231 708 2275 Ο.
733 2229 850 2267 Fabio
868 2230 1029 2280 Sangae.
1053 2231 1160 2268 cuius
1181 2230 1392 2279 patrocinio
