1537 2512
346 100 402 125 m:
429 99 565 126 nmmo
595 99 859 126 1vovn'rnmo
887 98 922 125 c.
951 92 1009 127 92.
1037 94 1094 129 93.
1316 90 1368 128 95

73 210 95 237 a
125 203 262 236 natura
293 195 394 235 velut
421 208 539 247 opere
569 201 683 247 atque
701 196 875 235 consulto
904 207 1103 247 praeceps.
1163 197 1286 243 Quem
1314 198 1405 241 lo-6

74 264 163 292 cum
185 251 340 296 Marius,
373 251 476 302 quod
497 251 550 290 ibi
571 251 673 301 regis
695 251 893 290 thensauri
916 257 1036 295 erant,
1067 263 1216 290 summa
1241 254 1277 291 vi
1307 265 1369 293 ca-

73 319 167 358 pere
186 306 359 346 intendit.
407 305 472 345 Set
495 319 539 345 ea
560 317 624 345 res
649 305 747 345 forte
776 317 891 357 quam
913 306 1070 346 consilio
1092 306 1229 346 melius
1248 314 1368 357 gesta.
1383 321 1405 352 7

76 362 173 401 Nam
195 360 348 401 castello
375 363 547 400 virorum
568 366 682 412 atque
703 374 900 400 armorum
921 363 1032 406 satis,
1057 373 1194 412 magna
1215 363 1269 400 vis
1291 364 1370 403 sru-

46 417 193 456 amenti
215 421 252 455 et
272 416 357 454 sons
379 428 512 467 aquae,
538 417 746 466 aggeribus
766 416 1014 467 turribusque
1044 416 1101 468 [et
1125 416 1206 455 aliis
1226 418 1370 457 machi-

73 471 310 523 nationibus]
341 471 450 510 locus
470 473 718 522 inportunus,
748 472 820 511 iter
847 471 1141 511 castellanorum
1166 478 1370 522 angustum

73 527 301 571 admodum,
327 527 519 577 utrimque
542 528 772 576 praecisum.
813 527 954 566 Vineae
985 539 1073 565 cum
1096 529 1240 576 ingenti
1267 529 1405 578 peri-8

76 582 162 621 culo
193 581 333 620 frustra
355 581 588 631 agebantur:
616 593 703 620 nam
737 594 824 621 cum
852 594 918 621 eae
948 582 1062 632 paulo
1085 589 1367 632 processerant,

74 638 153 688 igni
173 642 239 676 aut
258 636 447 687 lapidibus
470 637 842 687 conrumpebantur:
865 637 1002 676 milites
1019 649 1143 688 neque
1164 649 1235 687 pro
1252 649 1369 688 opere

31 707 61 733 ιο
75 693 285 731 consistere
307 696 466 742 propter
489 693 725 743 iniquitatem
746 692 831 736 loci,
863 705 988 743 neque
1010 693 1109 731 inter
1130 694 1258 731 vineas
1287 694 1369 731 sine

73 747 246 798 periculo
263 747 552 786 administrare:
575 752 756 797 optumus
776 749 936 798 quisque
953 747 1093 786 cadere
1109 751 1174 785 aut
1192 749 1366 792 sauciari,

74 803 212 842 ceteris
234 807 360 841 metus
380 803 524 851 augeri.
583 803 629 840 At
649 802 790 841 Marius
808 803 937 841 multis
959 802 1094 841 diebus
1113 807 1151 841 et
1171 801 1369 841 laboribus
1383 805 1434 845 93

74 858 311 908 consumptis
332 858 466 896 anxius
488 857 641 897 trahere
665 870 752 896 cum
773 859 899 896 animo
922 869 1013 902 suo,
1049 858 1292 896 omitteretne
1311 859 1368 896 in-

75 920 246 963 ceptum,
273 913 453 963 quoniam
472 913 613 952 frustra
635 918 734 956 erat,
759 925 806 950 an
828 913 1021 952 fortunam
1042 914 1272 962 operiretur,
1293 925 1367 963 qua

30 985 61 1009 ιε,
74 979 189 1019 saepe
216 980 403 1019 prospere
430 979 522 1006 usus
553 967 689 1006 suerat.
748 968 852 1013 Quae
883 980 969 1007 cum
996 967 1136 1006 multos
1165 968 1246 1006 dies
1275 978 1401 1009 noc-2

74 1025 198 1075 tisque
228 1028 406 1062 aestuans
435 1025 612 1072 agitaret,
652 1023 750 1062 forte
781 1024 935 1074 quidam
962 1023 1096 1072 Ligus,
1125 1035 1171 1061 ex
1202 1023 1369 1062 cohorti-

73 1078 147 1117 bus
176 1078 381 1118 auxiliariis
413 1078 523 1116 miles
551 1079 769 1129 gregarius,
806 1080 938 1117 castris
975 1083 1155 1128 aquatum
1189 1088 1369 1127 egressus

74 1133 169 1172 haut
190 1133 326 1184 procul
350 1133 396 1172 ab
427 1133 546 1172 latere
577 1133 737 1177 castelli,
771 1134 873 1184 quod
895 1145 1073 1172 avorsum
1094 1133 1369 1183 proeliantibus

77 1194 177 1232 erat,
203 1191 371 1227 animum
393 1189 556 1227 advortit
584 1190 683 1227 inter
703 1200 792 1227 saxa
813 1189 982 1238 repentis
1003 1188 1172 1227 cocleas:
1205 1200 1369 1239 quarum

32 1259 61 1285 πο
77 1256 164 1284 cum
190 1255 305 1283 unam
332 1249 445 1294 atque
475 1243 651 1288 alteram,
684 1244 771 1282 dein
801 1243 932 1293 plures
960 1249 1128 1293 peteret,
1160 1243 1284 1282 studio
1314 1243 1368 1282 le-

75 1299 194 1349 gundi
216 1298 394 1349 paulatim
414 1311 535 1349 prope
556 1300 603 1337 ad
625 1311 817 1338 summum
840 1300 980 1337 montis
1002 1310 1178 1348 egressus
1201 1303 1269 1337 est.
1296 1297 1402 1339 Ubi3

75 1359 278 1405 postquam
299 1354 542 1393 solitudinem
564 1354 758 1398 intellexit,
776 1367 885 1393 more
901 1355 1029 1403 ingeni
1048 1354 1206 1392 humani
1227 1353 1367 1403 cupido

76 1409 242 1448 difficilia
261 1409 428 1448 faciundi
450 1410 617 1447 animum
640 1410 763 1447 vortit.
806 1410 851 1447 Et
868 1409 966 1447 forte
986 1411 1023 1447 in
1041 1421 1086 1448 eo
1107 1408 1192 1447 loco
1213 1408 1401 1458 grandim

75 1463 151 1503 ilex
173 1463 368 1503 coaluerat
388 1466 486 1503 inter
501 1462 769 1513 saxa‚paulum
786 1462 901 1499 modo
918 1474 1053 1513 prona,
1073 1463 1212 1501 deinde
1229 1462 1367 1502 inssexa

28 1536 61 1561 25
76 1525 189 1570 atque
215 1524 324 1558 aucta
349 1520 386 1557 in
408 1519 663 1561 altitudinem,
699 1530 773 1568 quo
804 1523 939 1556 cuncta
967 1519 1203 1567 gignentium
1231 1523 1368 1557 natura

76 1575 171 1613 sert:
197 1575 305 1613 cuius
326 1576 442 1613 ramis
463 1574 590 1618 modo,
611 1573 725 1611 modo
742 1573 996 1612 eminentibus
1012 1574 1112 1612 saxis
1131 1574 1237 1612 nisus
1252 1573 1368 1623 Ligus

78 1631 117 1667 in
140 1628 289 1668 castelli
310 1628 509 1678 planitiem
527 1631 723 1679 pervenit,
759 1628 859 1678 quod
882 1630 1007 1667 cuncti
1025 1628 1211 1667 Numidae
1233 1629 1366 1667 intenti

75 1683 353 1732 proeliantibus
375 1683 545 1722 aderant.
591 1683 805 1733 Exploratis
831 1683 1028 1727 omnibus,
1048 1695 1146 1734 quae
1167 1696 1257 1722 mox
1279 1686 1366 1723 usui
1380 1695 1400 1725 5

75 1739 158 1777 sore
178 1738 355 1783 ducebat,
378 1739 511 1778 eadem
534 1739 764 1787 regreditur,
787 1750 861 1776 non
888 1744 1032 1777 temere
1053 1739 1105 1776 uti
1130 1737 1365 1781 escenderat,

28 1810 63 1836 30
78 1799 344 1843 set'temptans
367 1795 493 1832 omnia
523 1799 559 1832 et
587 1794 909 1843 circumspiciens.
946 1793 1076 1843 ltaque
1096 1792 1256 1831 Marium
1276 1803 1365 1842 pro·
1379 1805 1400 1838 (5

74 1860 167 1899 pere
187 1849 274 1893 adit,
296 1853 379 1887 acta
395 1848 541 1892 edocet,
558 1849 750 1892 hortatur,
768 1848 813 1886 ab
837 1860 879 1886 ea
902 1853 1021 1898 parte,
1037 1859 1110 1898 qua
1132 1849 1212 1897 ipse
1234 1858 1366 1886 escen-

75 1903 196 1948 derat,
219 1903 415 1942 castellum
434 1908 618 1952 temptet:
639 1903 840 1953 pollicetur
861 1914 945 1942 sese
964 1904 1110 1941 itineris
1130 1901 1366 1952 periculique

75 1959 225 1998 ducem.
294 1958 435 1997 Marius
464 1970 550 1996 cum
583 1958 724 2008 Ligure
762 1959 949 2008 promissa
986 1959 1067 1997 eius
1097 1959 1290 2007 cognitum
1320 1966 1399 1996 ex7

74 2013 342 2064 praesentibus
380 2014 498 2051 misit:
539 2025 702 2063 quorum
737 2015 792 2052 uti
831 2014 1015 2063 cuiusque
1045 2014 1238 2062 ingenium
1271 2017 1364 2056 erat,

30 2082 63 2109 35
76 2070 125 2107 ita
154 2081 238 2109 rem
268 2068 459 2107 difficilem
487 2072 553 2107 aut
574 2068 722 2108 facilem
745 2069 990 2107 nuntiavere:
1023 2067 1188 2107 consulis
1218 2069 1366 2106 animus

73 2129 202 2164 tamen
237 2123 395 2175 paulum
430 2123 619 2163 adrectus.
689 2124 820 2174 ltaque
857 2136 901 2163 ex
939 2124 1046 2173 copia
1081 2123 1293 2162 tubicinum
1329 2127 1399 2161 et8

77 2181 314 2218 cornicinum
338 2191 501 2218 numero
527 2180 694 2229 quinque
719 2191 832 2229 quam
854 2178 1126 2218 velocissumos
1150 2177 1300 2227 delegit,
1329 2182 1366 2215 et

77 2245 164 2272 cum
197 2233 262 2279 eis,
292 2233 483 2285 praesidio
518 2235 582 2285 qui
613 2235 758 2279 forent,
811 2236 832 2259 “⁹-
861 2237 882 2259 ‘⁶
909 2237 931 2259 ae
958 2238 980 2261 ³<
1007 2238 1028 2261 ²¹<
1057 2239 1078 2262 ²*
1104 2239 1126 2263 *
1187 2238 1364 2283 quattuor
