1537 2512
312 105 367 131 ms
396 105 531 131 nmmo
561 104 826 131 Ivevnrnmo
861 104 895 131 c.
925 99 982 134 32.
1010 98 1069 134 33.
1099 99 1154 134 34.
1325 93 1377 130 59

197 201 295 240 Dum
325 201 420 240 haec
449 201 594 240 Romae
623 206 832 251 geruntur,
865 203 929 252 qui
957 203 995 240 in
1016 201 1192 240 Numidia
1213 200 1335 240 relicti
1357 210 1410 240 a?

86 257 210 296 Bestia
232 257 415 295 exercitui
435 261 642 306 praeerant
660 258 781 295 secuti
801 268 948 295 morem
959 257 1204 307 imperatoris
1216 257 1274 295 sui
1292 256 1376 306 plu-

86 322 195 351 ruma
216 316 253 350 et
271 311 575 360 flagitiosissuma
597 310 765 349 facinora
786 311 931 350 fecere:
955 312 1064 350 suere
1084 312 1148 361 qui
1169 322 1263 350 auro
1284 322 1372 349 con·
1389 319 1408 352 3

86 367 188 416 rupti
207 365 430 416 elephantos
449 365 655 415 Iugurthae
674 366 889 410 traderent,
913 365 972 405 alii
993 365 1174 415 perfugas
1196 366 1374 410 vendere,

53 432 175 470 spars
205 433 250 459 ex
270 421 412 471 pacatis
438 420 599 469 praedas
619 420 803 470 agebant:
834 425 938 459 tanta
957 422 1010 459 vis
1039 421 1215 459 avaritiae
1237 421 1273 458 in
1295 422 1374 459 ani·
1389 434 1409 463 4

84 486 168 514 mos
197 487 332 514 eorum
355 473 468 513 veluti
495 474 600 513 tabes
629 476 830 514 invaserat.

195 531 242 568 At
263 530 413 569 Cassius
432 529 577 579 perlata
603 531 798 580 rogatione
819 542 840 568 a
865 531 908 570 G.
933 529 1110 568 Memmio
1131 541 1175 568 ac
1198 530 1373 580 perculsa
1388 537 1407 568 5

86 586 188 623 omni
209 584 404 623 nobilitate
423 584 471 623 ad
494 584 719 635 Iugurtham
746 585 1013 635 proficiscitur,
1044 585 1154 635 eique
1177 584 1308 623 timido
1339 590 1376 623 et

85 652 131 679 ex
152 640 381 679 conscientia
409 638 593 678 diffidenti
620 639 738 678 rebus
765 641 842 678 suis
872 639 1097 689 persuadet,
1126 640 1305 690 quoniam
1334 651 1375 679 se

41 706 71 733 ιο
83 694 226 746 populo
241 694 414 733 Romano
437 694 613 738 dedisset,
641 706 688 732 ne
719 696 792 732 vim
821 706 935 745 quam
961 695 1264 733 misericordiam
1295 696 1374 733 eius

83 751 251 800 experiri
273 748 412 788 mallet.
451 749 630 787 Privatim
656 755 856 798 praeterea
877 749 991 788 fidem
1021 761 1129 788 suam
1155 750 1373 798 interponit,

83 816 198 856 quam
235 804 296 843 ille
336 816 412 842 non
454 804 612 842 minoris
648 815 764 854 quam
787 803 980 854 publicam
1007 803 1191 843 ducebat:
1220 803 1305 842 talis
1331 816 1374 843 ea
1390 808 1439 846 33

83 864 306 909 tempestate
331 859 431 897 sama
453 858 500 898 de
520 858 647 897 Cassio
668 864 761 897 erat.
807 859 928 908 Igitur
948 859 1133 908 Iugurtha
1154 863 1288 898 eontra
1310 859 1374 898 de-

84 926 152 953 cus
174 915 323 965 regium
353 913 457 952 cultu
479 925 594 964 quam
616 925 795 953 maxume
815 914 1022 953 miserabili
1043 926 1130 953 cum
1152 913 1279 953 Cassio
1297 913 1374 953 Ro-

38 984 70 1009 ιε.
83 981 185 1008 mam
209 970 320 1008 venit.
361 969 436 1013 Ac,
463 969 613 1007 tametsi
634 970 672 1007 in
692 970 773 1018 ipso
795 980 933 1018 magna
951 970 1006 1007 vis
1029 970 1143 1008 animi
1168 973 1260 1013 erat,
1284 980 1404 1010 con-2

83 1025 256 1063 firmatus
285 1023 331 1062 ab
360 1023 557 1067 omnibus,
591 1035 757 1074 quorum
786 1025 955 1074 potentia
975 1028 1040 1063 aut
1067 1023 1212 1063 scelere
1237 1029 1373 1063 cuncta

83 1092 127 1119 ea
150 1084 332 1129 gesserat,
350 1090 447 1129 quae
468 1090 583 1128 supra
606 1079 779 1123 diximus,
803 1081 846 1119 G.
867 1079 1053 1118 Baebium
1075 1079 1273 1118 tribunum
1292 1078 1373 1129 ple·

83 1135 144 1173 bei
175 1145 312 1184 magna
336 1133 515 1173 mercede
543 1138 672 1183 parat,
702 1135 810 1173 cuius
838 1134 1060 1184 inpudentia
1089 1138 1221 1172 contra
1251 1135 1310 1173 ius
1338 1139 1374 1173 et

83 1190 241 1228 iniurias
270 1189 392 1227 omnis
430 1189 600 1227 munitus
629 1188 741 1227 foret.
801 1189 847 1227 At
881 1189 924 1227 G.
955 1188 1156 1228 Memmius
1193 1189 1408 1233 advocata3

37 1259 70 1284 20
85 1245 274 1288 contione,
299 1255 530 1294 quamquam
551 1244 633 1293 regi
653 1243 787 1282 infesta
809 1243 941 1294 plebes
967 1249 1049 1282 erat
1069 1249 1106 1283 et
1126 1255 1216 1294 pars
1235 1245 1273 1282 in
1294 1245 1371 1282 vin-

84 1299 168 1338 cula
177 1300 264 1338 duci
278 1298 452 1344 iubebat,
472 1311 572 1350 pars,
590 1300 666 1338 nisi
679 1300 805 1338 socios
822 1298 985 1338 sceleris
998 1301 1059 1338 sui
1077 1301 1373 1350 aperiret,more

83 1355 272 1393 maiorum
290 1353 336 1392 de
354 1352 465 1391 hoste
484 1352 714 1403 subplicium
730 1355 840 1397 sumi,
863 1354 1034 1402 dignitati
1055 1365 1170 1404 quam
1189 1354 1269 1392 irae
1292 1365 1372 1392 ma-

84 1411 140 1459 gis
163 1407 366 1447 consulens
384 1407 520 1446 sedare
540 1412 666 1446 motus
691 1412 727 1446 et
748 1409 894 1446 animos
917 1420 1052 1446 eorum
1073 1407 1240 1453 mollire,
1268 1413 1373 1458 post-

83 1475 192 1503 remo
220 1463 448 1502 confirmare
475 1462 588 1501 fidem
616 1462 808 1511 publicam
838 1474 908 1512 per
936 1474 1020 1502 sese
1040 1462 1256 1502 inviolatam
1276 1462 1371 1502 sore.

38 1536 70 1561 25
84 1518 185 1563 Post,
217 1517 284 1557 ubi
312 1517 503 1556 silentium
534 1518 669 1566 coepit,
695 1517 883 1566 producto
913 1517 1096 1567 Iugurtha
1124 1517 1241 1556 verba
1270 1517 1370 1562 facit,
1396 1531 1405 1558 l

85 1574 228 1612 Romae
250 1572 525 1622 Numidiaeque
550 1571 720 1610 facinora
747 1573 828 1611 eius
848 1577 1054 1617 memorat,
1082 1571 1228 1612 scelera
1248 1574 1286 1612 in
1306 1584 1371 1624 pa-

84 1635 183 1668 trem
210 1627 425 1677 fratresque
453 1627 634 1665 ostendit:
667 1627 804 1677 quibus
832 1627 1048 1666 iuvantibus
1068 1627 1283 1679 quibusque
1302 1628 1371 1666 mi·

85 1684 212 1723 nistris
245 1695 288 1722 ea
318 1683 458 1731 egerit,
491 1693 722 1732 quamquam
749 1681 943 1731 intellegat
972 1683 1136 1733 populus
1163 1682 1369 1727 Romanus,

83 1744 210 1778 tamen
230 1737 326 1776 velle
346 1737 557 1776 manufesta
581 1737 701 1785 magis
722 1749 768 1776 ex
797 1736 860 1775 illo
885 1737 1048 1776 habere:
1077 1738 1108 1776 si
1128 1749 1260 1776 verum
1282 1749 1370 1787 ape-

39 1811 73 1836 30
87 1794 176 1838 riat,
207 1794 245 1831 in
271 1792 346 1831 fide
371 1796 408 1830 et
437 1791 637 1831 clementia
655 1792 786 1842 populi
805 1791 967 1830 Romani
987 1802 1165 1841 magnam
1190 1803 1299 1842 spem
1318 1791 1370 1830 illi

84 1850 213 1891 sitam,
244 1849 302 1885 sin
332 1848 506 1891 reticeat,
546 1858 624 1884 non
652 1848 764 1885 sociis
785 1846 894 1885 saluti
924 1847 1025 1891 sore,
1053 1852 1111 1885 set
1137 1858 1178 1885 se
1205 1858 1370 1896 suasque

84 1914 172 1953 spes
194 1907 484 1951 conrupturum.
520 1901 676 1945 Deinde,
697 1901 763 1940 ubi
784 1901 983 1940 Memmius
1004 1901 1157 1940 dicundi
1177 1901 1292 1940 finem
1315 1901 1368 1940 se·
1385 1905 1434 1944 34

85 1959 136 1997 cit
170 1962 208 1996 ct
230 1956 413 2006 Iugurtha
437 1956 673 2006 respondere
694 1957 818 1995 iussus
837 1961 904 2000 est,
935 1956 978 1994 G.
1000 1956 1164 1995 Baebius
1193 1955 1368 1995 tribunus

85 2012 229 2063 plebei,
252 2023 366 2062 quem
387 2011 548 2061 pecunia
570 2016 799 2061 conruptum
829 2022 945 2060 supra
966 2011 1140 2055 diximus,
1161 2022 1293 2061 regem
1313 2016 1368 2050 ta-

39 2083 72 2109 35
85 2079 174 2107 cere
200 2066 318 2109 iubet,
346 2077 390 2104 ac
409 2066 558 2104 tametsi
580 2065 793 2109 multitudo,
826 2077 923 2116 quae
951 2066 990 2104 in
1019 2067 1195 2105 contione
1224 2066 1368 2110 aderat,

86 2121 331 2161 vehementer
352 2120 514 2159 adcensa
535 2120 705 2159 terrebat
725 2132 813 2159 eum
843 2119 1011 2160 clamore
1033 2120 1148 2165 voltu,
1178 2132 1292 2171 saepe
1313 2122 1367 2159 in-

86 2181 177 2226 petu
205 2181 318 2225 atque
348 2175 429 2214 aliis
457 2175 633 2214 omnibus
663 2186 761 2225 quae
792 2176 847 2214 ira
875 2175 960 2214 fieri
989 2181 1101 2221 amat,
1130 2176 1216 2214 vicit
1242 2180 1368 2214 tamen

86 2231 317 2282 inpudentia.
368 2230 422 2269 Ita
443 2229 607 2280 populus
625 2230 788 2269 ludibrio
812 2229 963 2269 habitus
985 2243 1028 2270 ex
1052 2232 1227 2269 contione
1249 2230 1369 2269 disce·
1383 2242 1402 2272 2
