1537 2512
140 65 194 108 98
422 78 479 105 m:
505 77 640 104 nmmo
671 76 934 105 1VGVRTH1N0
968 76 1004 104 c.
1032 71 1088 109 97.
1118 72 1174 108 98.

140 178 292 228 ipsique
318 175 453 214 Mauro
480 175 684 226 pollicetur
715 175 916 215 Numidiae
944 180 1095 226 partem
1118 177 1289 222 tertiam,
1320 178 1354 217 si
1381 181 1449 218 aut

142 233 305 272 Romani
326 231 455 269 Africa
478 230 644 281 expulsi,
667 237 733 270 aut
752 232 911 280 integris
933 232 1011 270 suis
1029 231 1169 271 finibus
1188 231 1334 272 bellum
1355 244 1447 272 con-

143 289 311 338 positum
342 286 454 325 foret.
509 286 565 325 Eo
593 287 764 336 praemio
796 286 959 325 inlectus
979 286 1158 326 Bocchus
1192 299 1280 326 cum
1307 298 1446 338 magna

142 342 385 382 multitudine
414 341 640 391 Iugurtham
670 341 831 381 adcedit.

107 403 128 436 3
253 398 308 437 Ita
338 396 544 436 amborum
574 398 746 436 exercitu
777 398 980 436 coniuncto
1000 395 1183 444 Marium,
1216 399 1291 437 iam
1321 399 1360 437 in
1387 397 1476 438 hi-s
1534 399 1537 402 ⁴

143 455 265 494 berna
294 453 624 504 proficiscentem,
654 453 714 491 vix
744 452 905 491 decuma
935 457 1044 503 parte
1075 452 1136 491 die
1164 453 1309 492 relicua
1340 455 1446 492 inva-

144 511 257 554 dunt,
286 509 359 547 rati
379 512 533 547 noctem
554 520 651 559 quac
672 508 747 546 iam
769 507 902 547 aderat
924 514 961 547 et
981 509 1088 547 victis
1109 507 1182 547 sihi
1206 509 1445 548 munimento

143 567 226 604 fore
248 571 285 604 et
307 565 339 603 si
363 564 543 603 vicissent
564 562 669 601 nullo
690 563 971 613 inpedimento,
1005 565 1092 614 quia
1114 563 1291 603 locorum
1321 564 1445 603 scien-

141 627 200 660 tes
237 624 367 664 erant,
407 624 541 658 contra
570 618 753 658 Romanis
782 623 992 671 utrumque
1031 630 1163 658 casum
1198 620 1237 658 in
1273 618 1446 659 tenebris

106 684 127 713 4
143 675 397 716 difficiliorem
419 674 514 713 fore.
555 674 676 723 Igitur
699 674 813 713 simul
835 674 971 714 consul
993 686 1038 714 ex
1058 675 1186 714 multis
1208 675 1255 714 de
1275 674 1445 714 hostium
1458 686 1491 714 ιο

143 732 308 771 adventu
330 731 508 780 cognovit
529 734 566 769 et
584 730 656 780 ipsi
673 729 803 769 hostes
824 730 997 775 aderant,
1015 735 1052 769 et
1071 731 1178 781 prius
1199 742 1315 782 quam
1335 741 1446 770 exer-

144 789 240 827 eitus
262 791 327 826 aut
349 786 487 825 instrui
514 790 580 824 aut
605 786 775 824 sarcinas
797 785 1004 835 conligere,
1030 786 1196 837 denique
1221 791 1309 825 ante
1330 797 1447 837 quam

142 844 294 892 signum
309 846 375 881 aut
397 842 605 891 imperium
627 839 747 880 ullum
778 842 955 891 accipere
984 842 1122 892 quivit,
1152 843 1298 892 equites
1323 841 1447 880 Mauri

144 903 258 949 atque
285 895 453 941 Gaetuli,
486 908 564 935 non
586 897 666 935 acie
687 908 814 947 neque
833 896 910 936 ullo
932 909 1042 936 more
1062 897 1202 947 proeli,
1234 902 1292 936 set
1322 901 1445 936 cater-

144 955 271 998 vatim,
302 953 357 992 uti
387 963 563 1002 quosque
593 951 673 989 fors
705 951 1020 1001 conglobaverat,
1060 954 1098 991 in
1129 959 1282 991 nostros
1314 954 1444 991 incur-
1456 960 1490 987 1⁵

107 1015 253 1048 5runt:
287 1009 352 1059 qui
383 1004 525 1047 omnes'
546 1007 686 1057 trepidi
715 1009 908 1057 inproviso
938 1013 1043 1047 metu
1072 1020 1117 1047 ac
1141 1013 1269 1048 tamen
1296 1008 1446 1047 virtutis

142 1076 335 1104 memores
356 1067 423 1102 aut
444 1074 550 1101 arma
576 1062 778 1114 capiebant
793 1068 859 1102 aut
879 1064 1063 1114 capientis
1087 1063 1180 1102 alios
1201 1063 1247 1102 ab
1269 1062 1446 1102 hostibus

143 1119 412 1160 defensabant:
449 1130 539 1169 pars
570 1130 689 1169 equos
720 1119 949 1163 escendere,
981 1118 1130 1158 obviam
1161 1120 1218 1158 ire
1248 1117 1444 1158 hostibus:

141 1187 271 1227 pugna
286 1174 487 1214 latrocinio
504 1175 624 1223 magis
644 1187 759 1225 quam
778 1174 925 1225 proelio
948 1174 1079 1213 similis
1100 1175 1203 1213 fieri:
1226 1175 1308 1214 sine
1327 1173 1445 1224 signis

141 1233 224 1272 sine
241 1233 443 1272 ordinibus
468 1234 616 1282 equites
641 1232 869 1283 peditesque
892 1231 1073 1281 permixti
1097 1229 1262 1269 caedere
1286 1228 1369 1273 alii,
1385 1227 1494 1268 aliizo

142 1287 387 1333 obtruncari,
420 1288 532 1327 multi
561 1293 698 1326 contra
720 1287 904 1326 advorsos
934 1297 1138 1325 acerrume
1162 1290 1382 1337 pugnantes
1396 1283 1445 1324 ab

143 1350 254 1393 tergo
285 1342 575 1382 circumveniri:
606 1354 731 1392 neque
758 1343 876 1381 virtus
903 1354 1029 1393 neque
1051 1354 1157 1381 arma
1186 1343 1278 1381 satis
1297 1346 1444 1392 tegere,

144 1400 230 1450 quia
269 1398 399 1437 hostes
428 1409 590 1437 numero
621 1396 751 1448 plures
788 1404 825 1437 et
862 1398 1031 1449 undique
1063 1398 1285 1437 circumfusi
1314 1402 1444 1437 erant:

144 1455 310 1505 denique
340 1453 502 1492 Romani
531 1458 680 1492 veteres
710 1454 873 1504 novique
905 1452 962 1505 [et
991 1453 1038 1491 ob
1069 1465 1111 1492 ea
1134 1455 1299 1492 scientes
1319 1451 1443 1504 belli}

143 1512 173 1548 si
203 1521 299 1560 quos
320 1509 428 1548 locus
453 1514 518 1548 aut
546 1520 656 1548 casus
679 1510 949 1552 coniunxerat,
979 1508 1083 1547 orbis
1108 1508 1235 1548 fecere
1257 1513 1371 1560 atque
1394 1508 1490 1547 itan

143 1565 190 1603 ab
222 1564 400 1603 omnibus
439 1563 613 1614 partibus
643 1564 755 1603 simul
786 1566 875 1604 tecti
906 1569 942 1603 ct
969 1565 1145 1603 instructi
1173 1565 1341 1604 bostium
1370 1564 1447 1603 vim

76 1619 127 1660 98
143 1619 421 1659 sustentabant.
467 1618 599 1669 Neque
623 1621 659 1658 in
691 1632 735 1658 eo
758 1625 833 1658 tam
860 1631 996 1669 aspero
1022 1621 1175 1669 negotio
1201 1619 1344 1659 Marius
1367 1624 1446 1659 ter·

144 1677 240 1715 ritus
271 1680 336 1714 aut
366 1676 486 1725 magis
518 1687 631 1726 quam
663 1680 773 1714 antea
795 1675 959 1714 demisso
991 1676 1116 1713 animo
1146 1676 1235 1719 suit,
1268 1681 1326 1714 set
1357 1686 1445 1714 cum

142 1738 269 1770 turma
295 1743 376 1774 sua,
403 1741 518 1781 quam
541 1743 584 1769 cx
603 1731 831 1769 fortissumis
852 1731 972 1779 magis
990 1742 1104 1780 quam
1129 1730 1445 1769 familiarissumis

143 1791 364 1837 paraverat,
391 1787 519 1835 vagari
542 1787 680 1836 passim
703 1799 747 1825 ac
771 1786 885 1824 modo
902 1785 1166 1825 laborantibus
1185 1787 1264 1825 suis
1284 1793 1490 1825 succur-so

143 1855 252 1885 rere,
277 1841 391 1880 modo
412 1841 551 1885 hostis,
580 1841 645 1880 ubi
667 1842 949 1880 confertissumi
973 1840 1221 1887 obstiterant,
1243 1841 1442 1881 invadere:

145 1909 261 1936 manu
292 1896 494 1936 consulere
527 1897 730 1941 militibus,
767 1899 947 1948 quoniam
973 1898 1166 1947 imperare
1205 1896 1444 1936 conturbatis

109 1958 128 1987 ¹2
145 1952 324 1991 omnibus
345 1964 420 1991 non
445 1957 607 2002 poterat.
656 1953 811 2003 Iamque
844 1953 923 1991 (lies
948 1957 1197 2003 consumptus
1220 1957 1324 1998 erat,
1355 1963 1443 1992 cum

144 2014 270 2046 tamen
291 2007 446 2046 barbari
464 2008 555 2046 nibil
573 2009 768 2047 remittere
793 2013 928 2059 atque,
945 2009 998 2047 uti
1018 2019 1128 2058 reges
1151 2011 1441 2058 praeceperant,

110 2067 297 2102 3noctem
323 2075 393 2113 pro
423 2075 464 2102 se
490 2065 559 2101 rati
591 2065 717 2102 arrius
744 2065 896 2102 instare.
957 2063 1055 2102 Tum
1087 2064 1227 2103 Marius
1255 2075 1300 2102 ex
1332 2063 1487 2114 copia-’0⁸

143 2130 274 2157 rerum
306 2118 503 2157 consilium
529 2119 792 2170 trabit,at<pte.
820 2120 874 2157 uti
903 2120 980 2157 suis
1001 2121 1173 2169 receptui
1200 2118 1307 2158 locus
1328 2123 1441 2164 esset,

144 2173 249 2212 collis
281 2174 376 2212 duos
406 2175 644 2224 propinquos
675 2176 771 2213 inter
800 2187 840 2213 se
868 2181 1052 2225 occupat,
1086 2186 1250 2225 quorum
1283 2176 1319 2212 in
1349 2185 1439 2219 uno,

143 2230 278 2267 castris
306 2241 440 2279 partun
474 2230 619 2280 amplo.
654 2231 736 2268 fons
763 2243 882 2281 aquae
915 2242 1075 2281 magnus
1107 2236 1187 2269 crat
1237 2228 1334 2268 alter
1355 2229 1440 2268 usui
