1537 2512
225 105 281 130 m:
313 104 539 132 crimmum
572 105 889 132 commavorum
918 105 954 132 c,
987 100 1040 134 24.
1070 99 1125 134 25.
1155 99 1211 134 26.
1316 91 1362 130 13

70 213 189 240 novos
219 201 381 251 adeptus
405 201 515 240 roret.
572 202 638 241 Set
667 202 732 242 ubi
769 202 985 253 periculum
1018 203 1187 248 advenit,
1225 203 1363 242 invidia

70 261 185 307 atque
209 256 391 306 superbia
417 261 504 306 post
529 256 649 296 suere.

178 311 298 360 Igitur
328 312 489 350 comitiis
514 311 651 351 habitis
675 313 851 352 eonsules
878 313 1123 353 declarantur
1145 314 1193 352 M.
1217 313 1364 353 Tullius
1379 312 1427 352 21

69 372 106 406 et
126 367 170 406 G.
192 367 390 405 Antonius.
423 365 532 411 Quod
556 366 699 406 sactum
719 369 844 418 primo
871 369 1068 418 popularis
1090 370 1363 408 coniurationis
1377 375 1397 406 2

37 425 328 461 seoncusserat.
357 421 492 472 Neque
519 426 647 461 tamen
669 422 851 462 Catilinae
874 424 986 462 furor
1012 423 1277 468 minuebatur,
1306 429 1363 463 set

67 477 106 516 ln
131 477 212 515 dies
239 476 348 526 plura
369 477 525 525 agitare,
544 488 649 514 arma
670 488 742 526 per
763 476 909 515 [taliam
927 476 1022 516 locis
1044 480 1270 529 opportunis
1294 491 1360 528 pa-

66 543 172 576 rare,
205 533 408 582 pecuniam
439 543 506 570 sua
537 535 602 570 aut
630 533 841 571 amicorum
865 532 940 571 fide
965 537 1156 582 sumptam
1190 539 1359 572 mutuam

65 586 247 626 Faesulas
276 587 323 625 ad
353 585 533 625 Manlium
563 587 753 637 quendam
784 593 960 637 portare,
994 589 1058 638 qui
1091 593 1223 638 postea
1254 590 1358 638 prin-

67 653 157 692 ceps
177 642 249 681 fuit
269 641 359 680 belli
382 641 561 680 faciundi.
612 642 664 680 Ea
691 646 918 692 tempestate
942 642 1143 692 plurumos
1175 645 1360 693 cuiusque
1375 654 1395 687 3

28 710 59 737 ιο
71 698 224 746 generis
252 695 428 735 homines
456 696 658 735 adscivisse
688 697 760 736 sihi
787 698 936 741 dicitnr,
960 697 1141 737 mulieres
1162 699 1274 737 etiam
1294 698 1359 736 ali-

65 756 177 802 quot,
213 764 312 803 quae
342 753 466 801 primo
497 753 661 800 Ingentis
691 757 867 803 sumptus
894 757 1028 802 stupro
1059 754 1234 803 corporis
1264 754 1358 792 tole-

63 812 259 852 raverant,
291 811 379 857 post
409 807 473 845 ubi
496 812 597 845 aetas
628 811 775 846 tantum
805 807 919 846 modo
949 809 1122 858 quaestui
1153 820 1279 858 neque
1301 808 1357 847 lu-

64 863 196 902 xuriae
226 862 384 901 modum
416 861 580 906 fecerat,
620 874 683 901 aes
714 863 879 902 alienum
910 863 1056 912 grande
1086 863 1356 902 conflaverant.

63 917 136 956 Per
162 930 226 956 eas
255 930 296 956 se
324 917 481 956 Catilina
513 917 696 956 credebat
724 930 838 968 posse
869 919 1020 957 servitia
1051 918 1198 957 urbana
1219 918 1392 960 sollici-4

19 985 47 1011 15
65 975 163 1017 tare,
192 972 331 1012 urbem
354 972 574 1017 incendere,
606 974 707 1011 viros
728 985 861 1012 earum
891 973 948 1012 vel
976 974 1185 1023 adiungere
1207 973 1278 1012 sibi
1299 973 1355 1012 vel

62 1027 293 1067 interficere.

173 1084 238 1122 Set
268 1084 305 1121 in
336 1083 389 1122 eis
421 1087 502 1122 crat
532 1083 779 1133 Sempronia,
820 1095 918 1134 quae
948 1082 1066 1121 multa
1096 1095 1210 1133 saepe
1242 1083 1356 1121 virilis
1371 1083 1420 1121 25

62 1138 244 1178 audaciae
271 1138 438 1177 facinora
471 1140 712 1177 conmiserat.
774 1139 877 1177 Haec
908 1137 1045 1176 mulier
1071 1149 1214 1188 genere
1244 1143 1389 1188 atque2

62 1193 205 1238 forma,
244 1198 444 1244 praeterea
476 1194 557 1232 viro
593 1193 724 1233 liberis
752 1195 842 1232 satis
870 1194 1063 1232 fortunata
1094 1193 1179 1231 suit:
1222 1193 1356 1232 litteris

17 1264 49 1290 20
62 1248 219 1289 Graecis
249 1253 286 1288 et
311 1249 452 1287 Latinis
480 1248 609 1293 docta,
637 1248 801 1298 psallere
831 1248 969 1287 saltare
1000 1247 1210 1297 elegantius
1241 1260 1355 1298 qnam

60 1315 218 1344 necesse
249 1309 306 1344 est
333 1303 498 1354 probae,
531 1304 648 1343 multa
672 1304 754 1348 alia,
778 1316 875 1354 quae
901 1305 1153 1342 instrumenta
1182 1302 1355 1341 luxuriae

60 1364 160 1398 sunt.
205 1359 271 1399 Set
301 1360 334 1398 ei
364 1360 513 1397 cariora
543 1371 696 1409 semper
723 1360 847 1398 omnia
872 1370 987 1409 quam
1013 1358 1130 1397 decus
1152 1362 1263 1407 atque
1284 1369 1354 1407 pu-
1370 1365 1389 1397 3

60 1415 184 1454 dicitia
212 1414 297 1454 suit:
323 1415 509 1464 pecuniae
536 1425 582 1452 an
605 1414 725 1453 famae
747 1415 873 1452 minus
895 1418 1092 1463 parceret,
1122 1413 1215 1451 haut
1245 1413 1354 1452 facile

61 1470 320 1509 discerneres:
355 1468 525 1508 lubidine
551 1470 605 1507 sic
627 1469 810 1512 adcensa,
842 1473 884 1506 ut
909 1468 1061 1518 saepius
1085 1472 1232 1517 peteret
1253 1468 1354 1506 viros

15 1537 174 1576 25quam
198 1529 406 1575 peteretur.
469 1524 534 1564 Set
565 1536 607 1563 ea
638 1536 752 1574 saepe
781 1523 942 1562 antehac
972 1523 1085 1562 tidem
1115 1522 1387 1573 1›r0didcrat,4

59 1580 246 1620 creditum
268 1579 532 1623 abiuraverat,
567 1580 692 1618 caedis
714 1580 865 1618 conscia
888 1579 1028 1617 fuerat:
1061 1577 1211 1616 luxuria
1240 1582 1354 1628 atque

60 1636 185 1686 inopia
208 1646 393 1685 praeceps
415 1633 572 1673 abierat.
615 1635 757 1673 Verum
784 1634 980 1683 ingenium
1002 1633 1083 1671 eius
1104 1633 1196 1671 haut
1219 1632 1353 1672 absur-
1369 1641 1389 1672 5

59 1691 170 1730 dum:
192 1702 304 1740 posse
327 1701 460 1729 versus
484 1690 630 1734 facere,
664 1691 789 1728 iocum
812 1700 987 1732 movere,
1017 1699 1196 1727 sermone
1223 1689 1274 1726 uti
1299 1687 1355 1726 vcl

59 1745 233 1785 modesto
255 1745 311 1784 vel
332 1745 435 1783 molli
456 1745 517 1783 vel
538 1746 713 1795 procaci:
739 1755 900 1794 prorsus
921 1742 1061 1782 multae
1080 1743 1235 1781 facetiae
1258 1742 1354 1781 mul-

14 1814 47 1840 ³0
61 1805 198 1851 tusque
223 1800 329 1850 lepos
350 1801 484 1839 inerat.

170 1855 235 1894 llis
252 1855 368 1894 rebus
385 1856 602 1904 conparatis
618 1854 774 1892 Catilina
792 1853 908 1892 nihilo
926 1855 1050 1891 minus
1068 1854 1105 1891 in
1122 1864 1354 1903 proxumum
1369 1851 1419 1892 26

62 1923 203 1950 annum
234 1909 472 1949 consulatum
503 1909 673 1959 petebat,
713 1920 892 1959 sperans,
931 1909 961 1946 si
993 1908 1212 1956 designatus
1242 1907 1352 1951 foret,

61 1965 170 2005 {acile
206 1977 247 2004 se
281 1977 327 2004 ex
365 1963 556 2003 voluntate
594 1966 758 2003 Antonio
798 1975 971 2003 usurum.
1039 1962 1171 2013 Neque
1209 1963 1355 2001 interea

61 2022 214 2072 quietus
244 2025 337 2064 erat,
370 2025 427 2058 set
455 2019 633 2058 omnibns
655 2019 778 2057 modis
808 2019 961 2057 insidias
983 2017 1143 2068 parabat
1167 2017 1352 2056 Ciceroni.

14 2090 48 2118 ⁸5
62 2077 194 2127 Neque
225 2075 276 2114 illi
298 2080 422 2114 tamen
455 2075 502 2113 ad
533 2074 743 2113 cavendum
765 2073 874 2112 dolus
900 2079 964 2112 aut
995 2074 1153 2112 astutiae
1180 2072 1350 2111 deerant.
1369 2083 1389 2112 2

63 2131 236 2182 Namque
262 2143 295 2169 -a
333 2130 520 2180 principio
562 2128 783 2168 consulatus
813 2129 871 2167 sui
899 2127 1016 2167 multa
1045 2127 1260 2178 pollicendo
1287 2136 1389 2178 pera

61 2186 232 2226 Fulviam
259 2185 456 2229 effecerat,
490 2190 530 2223 ut
551 2185 593 2230 Q.
617 2184 772 2228 Curius,
801 2183 848 2222 de
871 2195 945 2233 quo
969 2182 1082 2233 paulo
1103 2187 1189 2221 ante
1209 2194 1353 2221 memo-

61 2242 151 2285 ravi,
176 2241 331 2279 consilia
347 2240 526 2279 Catilinae
549 2239 619 2278 sibi
642 2238 904 2289 proderet.A‹l
928 2239 1001 2277 hoc
1021 2237 1221 2286 conlegam
1242 2249 1354 2276 suum
1371 2248 1386 2278 Δ1
