1537 2512
102 79 154 119 82
343 92 398 117 m:
430 89 566 117 131312110
596 89 862 117 IVGVRTHINO
894 90 930 117 c.
957 84 1012 120 73.
1038 84 1094 119 74.
1123 85 1177 120 75.

67 191 198 230 6Mari
225 191 405 228 virtutem
431 188 470 226 in
499 188 623 226 maius
649 188 862 228 celebrare.
917 188 1089 239 Denique
1108 188 1244 239 plebes
1273 190 1328 229 sic
1341 190 1407 230 ad-

104 257 237 290 censa,
268 246 324 283 uti
351 243 506 295 opifices
537 248 788 295 agrestesque
819 255 972 287 omnes,
1005 255 1171 294 quorum
1201 256 1265 283 res
1294 245 1407 284 fides·

104 313 179 352 que
205 302 244 339 in
269 299 448 339 manibus
477 299 571 337 sitae
595 303 717 343 erant,
741 298 885 338 relictis
906 298 1089 349 operibus
1115 299 1408 350 frequentarent

103 356 265 395 Marium
286 360 323 394 et
344 367 412 393 sua
436 355 654 393 necessaria
675 358 763 405 post
783 354 883 393 illius
902 355 1093 393 honorem
1113 355 1313 394 ducerent.
1350 355 1407 395 lta

103 410 281 462 perculsa
299 410 497 449 nobilitate
511 413 599 459 post
614 409 753 448 multas
769 414 1015 460 tempestates
1030 421 1129 448 novo
1147 409 1293 449 homini
1314 422 1404 449 con·
1418 423 1434 448 ε

70 466 250 506 7sulatus
277 466 501 504 mandatur:
535 468 572 503 et
601 469 734 514 postea
767 465 934 515 populus
965 477 986 503 a
1015 464 1173 503 tribuno
1203 465 1331 516 plebei
1359 465 1403 504 T.

103 521 242 561 Manlio
259 521 436 559 Mancino
456 524 625 569 rogatus,
647 532 762 570 quem
790 520 901 559 vellet
928 532 1016 559 cum
1045 520 1231 570 Iugurtha
1260 520 1406 560 bellum

103 589 253 627 gerere,
285 577 469 626 frequens
493 575 656 614 Marium
687 576 805 614 iussit.
854 575 920 614 Set
949 574 1063 626 paulo
1094 574 1309 597 ******·'⁷‘'
1340 576 1406 614 de-

105 636 297 672 creverat:
326 643 370 670 ea
389 642 453 670 res
480 630 625 669 frustra
650 630 731 669 fuit.

38 690 88 728 74
217 688 362 727 Eodem
382 691 557 736 tempore
578 685 762 735 Iugurtha
783 687 931 724 amissis
951 686 1101 730 amicis,
1130 698 1297 737 quorum
1325 686 1405 737 ple·
1420 697 1452 725 ιο

103 755 247 795 rosque
267 744 349 793 ipse
369 746 590 786 necaverat,
619 742 736 780 ceteri
761 741 967 781 formidine
1005 753 1098 794 pars
1129 742 1177 781 ad
1207 741 1406 781 Romanos

104 799 166 838 alii
197 799 244 837 ad
274 808 407 847 regem
434 796 633 835 Bocchum
663 796 938 847 profugerant,
976 808 1064 835 cum
1095 807 1223 847 neque
1259 796 1404 836 bellum

104 855 186 904 geri
212 855 294 892 sine
315 853 546 892 administris
571 857 702 902 posset
724 857 761 891 et
783 863 973 891 novorum
994 852 1110 891 fidem
1131 852 1170 890 in
1193 856 1299 890 tanta
1315 863 1403 902 per-

103 909 191 948 fidia
207 913 381 947 veterum
398 909 564 958 experiri
589 907 851 958 periculosum
872 907 1043 951 duceret,
1066 908 1195 946 varius
1214 908 1403 946 incertus-

106 977 180 1015 que
201 963 379 1014 agitabat.
429 963 563 1014 Neque
584 963 636 1001 illi
656 974 720 1002 res
741 974 868 1013 neque
890 962 1090 1002 consilium
1116 968 1183 1001 aut
1203 964 1405 1014 quisquam
1421 974 1451 1000 ιε

103 1020 304 1059 hominum
330 1019 419 1058 satis
441 1018 637 1070 placebat:
663 1018 798 1057 itinera
823 1018 1119 1069 praefectosque
1147 1019 1184 1056 iu
1214 1018 1296 1057 dies
1321 1030 1406 1057 mu-

104 1081 207 1120 tare,
239 1075 354 1114 modo
383 1074 588 1113 advorsum
609 1073 750 1118 hostis,
782 1074 977 1112 interdum
998 1075 1037 1112 in
1064 1072 1288 1113 solitudines
1317 1085 1405 1124 per·

104 1142 216 1180 gere,
255 1142 370 1180 saepe
406 1131 445 1169 in
472 1129 563 1179 fuga
585 1140 630 1168 ac
650 1133 738 1179 post
757 1128 871 1179 paulo
898 1131 936 1168 in
961 1130 1078 1168 armis
1107 1140 1216 1179 spem
1246 1128 1404 1174 habere,

105 1187 281 1226 dubitare
295 1186 424 1224 virtuti
447 1197 495 1224 an
514 1185 589 1224 fide
612 1183 856 1235 popularium
876 1186 1003 1224 minus
1024 1184 1219 1223 crederet:
1238 1185 1288 1223 ita
1311 1196 1405 1235 quo-

70 1250 90 1281 2
105 1253 270 1293 cumque
293 1241 511 1280 intenderat
530 1252 594 1280 res
617 1240 801 1279 advorsae
823 1244 943 1279 erant.
983 1239 1050 1279 Set
1071 1241 1172 1278 inter
1193 1251 1257 1279 eas
1277 1251 1406 1279 moras
1420 1253 1453 1279 πο

104 1302 266 1347 repente
292 1308 376 1336 sese
400 1295 576 1335 Metellus
606 1307 693 1334 cum
725 1296 896 1335 exercitu
927 1295 1114 1335 ostendit:
1147 1295 1336 1334 Numidae
1359 1295 1406 1334 ab

103 1352 290 1402 Iugurtha
319 1363 391 1403 pro
417 1356 593 1402 tempore
622 1352 746 1401 parati
783 1351 1057 1401 instructique,
1096 1351 1182 1390 dein
1217 1351 1408 1401 proelium

69 1409 297 1458 3incipitur.
341 1406 422 1452 Qua
445 1407 483 1445 in
514 1411 624 1457 parte
653 1418 723 1445 rex
744 1417 898 1456 pugnae
929 1406 1061 1450 adsuit,
1093 1405 1146 1445 ibi
1173 1404 1407 1457 aliquamdiu

105 1468 315 1507 certatum,
349 1463 467 1502 ceteri
497 1463 578 1501 eius
604 1473 739 1501 omnes
768 1461 906 1501 milites
927 1463 1054 1513 primo
1074 1472 1287 1512 congressu
1306 1460 1407 1512 pulsi

104 1520 312 1569 fugatique.
343 1518 507 1556 Romani
527 1519 726 1567 signorum
748 1523 784 1557 et
805 1529 1003 1556 armorum
1020 1516 1213 1568 aliquanto
1227 1529 1404 1562 numero,
1419 1529 1450 1555 πε

103 1575 270 1613 hostium
300 1585 514 1625 paucorum
544 1573 673 1624 potiti:
701 1585 790 1612 nam
819 1573 877 1611 sel
881 1585 941 1612 me
966 1572 1140 1611 Numidis
1161 1573 1199 1611 in
1228 1572 1407 1612 omnibus

104 1629 260 1680 proeliis
290 1629 411 1678 magis
442 1628 559 1678 pedes
589 1640 704 1679 quam
729 1641 771 1667 ai
774 1640 835 1667 ma
857 1633 937 1667 tuta
967 1633 1066 1667 sunt.

36 1687 82 1723 7
65 1698 88 1723 o
216 1685 270 1724 Ea
301 1684 391 1734 suga
423 1683 606 1734 luguitha
630 1685 828 1733 inpensius
851 1683 966 1722 modo
987 1683 1106 1722 rebus
1126 1684 1205 1722 suis
1231 1683 1406 1723 diffidens

104 1753 191 1779 cum
215 1740 389 1791 perfugis
408 1745 445 1778 et
466 1744 575 1790 parte
596 1741 787 1790 equitatus
805 1740 842 1777 in
864 1738 1106 1783 solitudines,
1132 1739 1219 1778 dein
1244 1739 1405 1778 Thalam

102 1798 298 1846 pervenit,
335 1797 373 1834 in
411 1795 594 1846 oppidum
631 1805 814 1844 magnum
853 1799 965 1845 atque
1003 1794 1228 1845 opulentum
1262 1794 1453 1845 ubiqueao

104 1851 279 1902 plerique
304 1851 503 1890 thensauri
528 1850 772 1901 filiorumque
799 1851 880 1889 eius
905 1849 1048 1889 inultus
1073 1851 1259 1900 pueritiae
1282 1849 1406 1889 cultus

68 1912 198 1946 Qerat.
259 1907 366 1953 Quae
396 1910 600 1957 postquam
628 1904 779 1945 Metello
811 1910 994 1956 conperta
1024 1910 1133 1950 sunt,
1173 1917 1406 1956 quamquam

105 1964 203 2000 inter
227 1962 386 2001 Thalam
410 1961 632 2012 flumenque
651 1973 883 2012 proxumum
906 1962 942 2000 in
973 1962 1094 2011 spatio
1123 1960 1269 2000 milium
1296 1961 1406 2012 quin-

105 2018 284 2068 quaginta
315 2017 398 2056 lora
420 2018 525 2056 arida
547 2022 659 2068 atque
685 2022 785 2055 vasta
809 2028 891 2056 esse
915 2021 1157 2066 cognoverat.
1188 2023 1314 2055 tamen
1338 2027 1407 2067 spe

104 2073 281 2124 patrandi
301 2073 402 2117 belli,
425 2074 455 2111 si
478 2074 558 2112 eius
580 2073 707 2123 oppidi
734 2073 876 2123 potitus
900 2073 1011 2115 soret,
1037 2073 1161 2110 omnis
1182 2072 1406 2122 asperitates
1419 2084 1452 2112 ³⁵

70 2129 363 2179 3supervadere
394 2141 439 2167 ac
465 2133 641 2167 naturam
671 2130 781 2167 etiam
817 2130 970 2167 vincere
991 2127 1225 2177 adgreditur.
1285 2126 1406 2177 Igitur

107 2185 232 2223 omnia
263 2185 429 2223 iumenta
462 2185 622 2222 sarcinis
652 2184 767 2222 levari
797 2183 914 2224 iubet.
947 2184 1018 2222 nisi
1040 2183 1234 2222 frumento
1255 2182 1406 2221 dierum

106 2239 253 2284 decem,
287 2244 457 2278 ceterum
490 2240 584 2277 utris
613 2240 726 2278 modo
759 2244 791 2277 ct
824 2239 894 2277 alia
926 2251 1047 2290 aquae
1076 2238 1211 2277 idonea
1241 2238 1404 2288 portari:
